3038 5036
406 794 407 799 ἵ
436 727 548 773 osonnrr
566 727 600 772 uu
619 728 709 772 curm
727 727 872 773 urrsrora.
1018 702 1085 776 ⁴77

226 884 322 954 lestes
344 908 491 954 resonare
512 898 681 956 concentus
705 886 735 956 in
753 911 837 968 aere,
864 899 895 956 et
918 911 1086 983 supernum

226 1015 325 1085 melos
336 1014 482 1110 angelicis
493 1016 623 1086 vocibus
636 1016 807 1086 solenniter
820 1017 976 1088 insonare.
1005 1016 1086 1100 Quid
1189 1059 1198 1076 ·

227 1145 296 1230 hoc,
314 1147 464 1244 inquiunt,
481 1160 529 1218 est
547 1147 628 1245 quod
644 1147 807 1219 audimus?
850 1149 929 1233 Quae
942 1163 991 1220 est
1004 1161 1086 1220 tanta

226 1276 369 1360 dulcedo,
387 1304 479 1376 quam
493 1279 618 1350 auribus
631 1278 754 1350 haurire
770 1305 832 1350 non
846 1279 1086 1350 consuevimus?

227 1408 337 1508 Aliqua
349 1410 483 1482 suavitas
495 1434 640 1507 supernae
652 1410 799 1482 miscetur
812 1410 992 1493 harmoniae,
1006 1435 1089 1509 quo-

228 1541 309 1612 niam
324 1543 410 1612 Deus
427 1541 560 1614 fortasse
578 1542 693 1612 nostris
705 1541 849 1636 dignatus
865 1555 914 1613 est
932 1542 1087 1614 mentibus

229 1673 380 1744 revelare,
433 1675 530 1756 Tunc,
550 1672 639 1744 altrix
657 1672 796 1742 militaris
813 1687 953 1744 matrona
970 1673 1085 1772 prolis:

229 1807 269 1888 Ο,
296 1805 403 1902 inquit,
427 1806 532 1876 miseri
556 1821 588 1876 et
611 1805 761 1887 infelices,
785 1812 804 1875 ό
824 1806 945 1876 infausti
968 1819 1000 1875 et
1024 1805 1084 1876 de-

229 1937 324 2020 sides,
343 1964 401 2008 vos
424 1961 480 2036 per
501 1938 648 2008 incuriam
674 1951 812 2008 vestram
834 1952 926 2036 atque
947 1938 1088 2009 inertiam

228 2094 360 2141 cernere
392 2070 532 2142 noluistis
561 2070 709 2142 mirabilia
739 2071 878 2154 Domini,
913 2095 983 2168 quae
1016 2069 1088 2140 mihi

230 2226 286 2299 per
304 2203 371 2298 ejus
392 2202 521 2297 gratiam
539 2201 666 2296 contigit
687 2200 718 2270 in
736 2201 896 2272 ecclesiola
910 2202 1000 2298 paulo
1017 2214 1088 2271 ante

230 2333 391 2431 speculari.
444 2333 513 2404 Vidi
530 2358 644 2432 nempe
667 2333 697 2402 in
720 2333 769 2404 illa
786 2334 910 2403 beatam
927 2331 1089 2403 Etheldri-

231 2462 301 2536 dam
317 2463 472 2561 insignem
489 2464 640 2560 virginem
663 2463 843 2534 coelestihus
862 2460 954 2532 radiis
976 2461 1091 2532 ineffa-

231 2596 299 2667 bilis
314 2595 557 2694 pulchritudinis,
584 2597 671 2692 cujus
691 2595 869 2694 psalterium
883 2606 914 2664 et
927 2593 1090 2664 ardentem

231 2753 357 2800 cereum
371 2729 479 2801 intuitu
495 2741 591 2800 tantae
604 2728 711 2824 gloriae
723 2727 943 2825 contemplaris
955 2726 1092 2822 gratulor

233 2861 384 2957 insignita.
437 2864 484 2932 Eo
506 2876 610 2933 autem
630 2861 802 2932 coelestium
827 2859 938 2930 listulae
960 2859 1092 2930 reboant

233 3018 430 3088 organorum,
455 3019 516 3092 quo
534 2993 632 3064 densa
649 3018 706 3091 per
727 3018 799 3062 eum
816 2989 991 3064 redundare
1012 2990 1092 3060 solet

232 3124 318 3223 copia
336 3125 563 3197 miraculorum.
616 3124 675 3209 Qui
697 3124 806 3194 tristes
822 3135 854 3192 et
871 3121 975 3192 moesti
999 3147 1091 3219 supra

235 3257 360 3330 modum
376 3257 489 3342 effecti,
510 3257 548 3329 ad
565 3257 667 3328 aedem
684 3256 788 3328 redire
809 3256 982 3326 deliberant
1002 3280 1091 3352 prae-

233 3389 357 3474 dictam,
382 3390 407 3460 si
429 3390 508 3460 sorte
532 3390 633 3460 beatae
656 3389 784 3484 virginis
810 3387 918 3458 laciem
941 3387 1092 3484 speculari

233 3521 321 3593 liceat
343 3521 524 3618 gloriosam3
544 3520 582 3590 ad
602 3519 758 3592 basilicam
778 3544 854 3588 vero
874 3543 985 3614 gressu
1007 3542 1094 3615 prae-

236 3665 308 3751 pete
321 3667 554 3751 procurrentes,
574 3652 710 3723 coelestis
727 3651 809 3750 adyti
828 3675 891 3722 non
912 3665 1093 3722 meruerunt

235 3785 403 3868 oraculum,
419 3809 478 3856 nec
490 3785 663 3856 ooelestium
676 3781 799 3852 haurire
814 3779 1008 3852 dulcedinem
1020 3807 1093 3851 me-

235 3929 362 3986 ruerunt
382 3914 585 4009 Angelorum.
639 3915 683 3984 lta
705 3911 858 3984 sublatum
881 3925 930 3982 est
953 3913 989 3981 iis
1012 3913 1094 3982 omni

933 4046 965 4094 ⁶25
