3012 5040
436 725 547 770 osnxnn
566 725 599 770 ox
618 725 707 770 cmm
726 726 872 800 urrsrorin.
1016 707 1076 772 tut

117 977 119 982 Ι
222 908 312 962 num,
328 883 458 953 amicum
472 884 501 954 in
516 883 761 956 tribulationibus
775 885 996 968 existimarem,
1013 911 1086 982 spes

221 1041 278 1086 me
308 1015 382 1087 falsa
408 1017 523 1088 lelellit.
584 1019 715 1088 Hostem
744 1018 826 1088 enim
853 1019 1084 1090 infestissimum

221 1146 328 1242 reperi
350 1159 382 1217 et
403 1173 498 1246 snper
519 1149 674 1220 cervicem
694 1175 796 1220 meam
818 1150 992 1222 vibrantem
1012 1151 1080 1247 gla—

223 1276 310 1348 dium
326 1277 537 1350 animadverti.
591 1279 717 1350 Gladius
729 1279 778 1350 ille
792 1280 943 1378 passionis
957 1296 987 1352 et
1001 1281 1086 1352 dolo·

226 1409 283 1491 ris,
297 1425 329 1481 ut
343 1435 512 1508 personam
522 1436 624 1481 meam
634 1423 779 1510 terraque
789 1412 928 1510 marique
942 1413 1086 1490 infamem
1150 1383 1153 1390 Δ

225 1539 378 1626 efficeret,
402 1556 433 1611 et
456 1567 473 1612 a
495 1567 546 1612 me
569 1565 694 1613 omnem
718 1540 869 1614 honorem
892 1541 1088 1614 abscinderet

226 1686 261 1742 et
275 1672 438 1756 decorem,
458 1699 562 1744 coram
581 1699 656 1769 rege
674 1687 705 1744 et
721 1673 910 1772 principibus
928 1675 994 1771 ejus
1010 1674 1088 1772 pilos

226 1805 400 1877 exteriores
435 1807 554 1889 secuit;
582 1806 638 1877 sed
670 1805 880 1877 misericordia
919 1807 1087 1904 protectri-
1126 1823 1130 1830 '

227 1937 273 2008 cis
295 1938 402 2034 gratiae
430 1937 486 2008 Dei
512 1936 625 2035 pellem
655 1963 717 2008 non
744 1937 842 2033 tetigit
872 1953 903 2008 et
930 1937 1086 2008 decarne

228 2095 298 2142 mea
318 2069 432 2141 undam
456 2069 576 2140 cruoris
598 2095 660 2138 non
683 2069 824 2140 extraxit.
878 2069 969 2154 Quod
994 2069 1088 2140 Nisus

217 2200 375 2299 'Euryale
402 2197 484 2296 quod
503 2197 665 2296 Polynices
685 2196 803 2295 Tydeo⁷
831 2197 912 2296 quod
935 2199 1087 2272 Pirithous

228 2332 362 2416 Theseo,
381 2330 440 2402 boc
457 2341 606 2426 cognatus
625 2341 692 2398 erat
714 2341 857 2423 cognato,
876 2329 962 2426 prior
981 2331 1089 2402 eccle-

229 2465 283 2536 siae
313 2465 517 2564 presbytera,
545 2463 700 2533 Osbertus
728 2462 876 2533 Henrico.
934 2462 1087 2560 Quodque

230 2595 327 2667 David
344 2594 483 2667 Jonathae
501 2595 596 2665 fuisse
608 2594 750 2689 legimus
765 2593 825 2665 hoc
838 2619 898 2690 ego
914 2596 1088 2691 peremnia

231 2753 281 2798 me
301 2726 486 2798 exhibebam
503 2726 568 2797 tibi.
623 2729 817 2824 Frequenter
840 2751 996 2797 aerumnas
1020 2740 1088 2797 tuas

232 2874 323 2957 atque
347 2859 516 2944 molestias7
546 2883 633 2929 meas
660 2858 825 2942 laciebam;
853 2857 985 2928 sudores
1005 2858 1088 2929 labo-

232 3019 300 3066 rum
318 3006 349 3064 et
365 2991 592 3090 inquietudines
609 2991 811 3088 affligentium
823 3006 856 3062 et
870 2991 1089 3089 oppressiones

223 3124 422 3196 'inimicorum
445 3139 559 3208 tecum,
586 3137 732 3222 tanquam
755 3124 886 3207 sinete,
918 3137 951 3194 ut
973 3124 1089 3194 amicus

232 3257 402 3342 dellebam3
427 3257 661 3355 quibuscunque
684 3255 784 3328 modis
806 3270 957 3354 poteram,
981 3225 1089 3327 honori

232 3406 285 3462 tuo
304 3391 384 3462 inter
401 3389 588 3460 domesticos
607 3403 639 3460 et
661 3389 922 3460 circumforaneos
948 3390 1089 3460 solatium

231 3523 458 3621 impendebam.
512 3524 557 3592 Tu
572 3525 647 3592 vcro
666 3520 824 3592 reddidisti
842 3521 942 3593 vicem
958 3521 1087 3606 meritis,

232 3654 456 3760 expulsionem,
477 3654 747 3752 proscriptionem,
763 3653 897 3725 exilium.
951 3653 1091 3725 Asacris

230 3786 351 3858 aedibus
363 3787 572 3885 perlongatus
587 3786 618 3856 in
633 3812 737 3858 sacras
749 3785 836 3856 aedes
848 3786 985 3883 perveni.
1030 3787 1091 3855 Pro

231 3918 413 4016 e'xpulsione
431 3918 513 3988 mille
530 3917 691 4015 amplexus
709 3932 740 3987 et
759 3917 953 4014 receptiones
967 3931 998 3987 et
1014 3917 1093 3988 sola-
