3050 5040
386 657 451 724 *58
617 683 1047 730 ausronaunnannuuosnon.

408 988 608 1058 EPISTOLA
632 991 750 1060 XXIX.
772 1035 818 1044 -
837 991 884 1062 Au
901 993 1080 1062 Tauasuneu
1098 1016 1262 1061 nonacnru.

585 1239 752 1310 Hanunnrus
768 1240 928 1310 Tnunsrmo
945 1266 1088 1336 nouacno.

459 1491 555 1560 Tuam
565 1487 1265 1574 obhorrcnshaereditatem,[raterThurstine‚

410 1621 585 1718 peregrinis
603 1619 769 1691 delectaris
782 1620 905 1704 divitiis,
928 1634 960 1690 et
980 1635 1084 1744 nostra
1101 1619 1268 1690 arundinea
1303 1605 1307 1612 ’

411 1752 646 1849 condempneris
668 1752 799 1848 tuguria,
828 1753 1011 1823 marmoreis
1033 1751 1152 1822 habitas
1169 1751 1198 1820 in
1216 1777 1270 1846 pa-

411 1884 506 1969 latiis3
530 1885 659 1979 elegans
676 1897 736 1954 tuae
756 1883 929 1982 prudentiae
946 1885 1123 1967 consilium,
1143 1884 1169 1954 si
1190 1883 1270 1952 inter

413 2031 533 2087 tuarum
550 2016 752 2088 abundantias
767 2015 944 2088 deliciarum
962 2030 1079 2088 nostrae
1097 2014 1271 2086 recorderis

413 2148 612 2247 paupertatis.
650 2151 777 2219 Fratres
794 2175 912 2233 sumus,
928 2162 1010 2218 tuam
1027 2146 1271 2218 exhereditatem

414 2307 476 2351 non
489 2281 667 2378 quaerimus
683 2293 883 2380 paternorum
895 2261 1059 2379 penatibus
1068 2279 1166 2350 larum
1177 2303 1272 2376 quan-

414 2413 516 2512 doque
539 2405 718 2486 reddendus
741 2439 787 2486 es.
807 2414 939 2486 Provide
957 2413 1010 2486 tibi
1028 2426 1059 2484 et
1076 2424 1192 2483 nostrae
1213 2436 1273 2481 ox-

414 2547 589 2645 pectationi;
609 2560 641 2618 tn
657 2547 772 2618 mititiae
790 2543 917 2629 solidae,
937 2559 1038 2617 tuaeve
1059 2542 1274 2640 negotiationis

415 2705 540 2751 merces
561 2693 771 2777 expectamus.
825 2678 998 2776 Spiritualis
1020 2676 1194 2773 negotiator
1213 2689 1274 2748 tuae

416 2812 519 2885 domui
537 2812 719 2884 referendas
736 2810 867 2910 impigro
886 2810 986 2882 studio
1003 2811 1154 2910 pretiosas
1171 2835 1275 2882 rerum

416 2972 560 3044 compara
575 2945 842 3017 commutationes
880 2947 952 3016 Non
964 2971 1083 3030 aurum,
1099 2959 1272 3041 argentum,

417 3078 556 3176 persicos
578 3078 697 3177 lapides
719 3077 847 3150 indasve
865 3077 1050 3176 requirimus
1071 3091 1193 3162 vestem
1220 3077 1276 3148 sad

418 3210 492 3280 solis
508 3212 673 3306 unguentis
692 3223 724 3280 et
741 3209 908 3308 pigmentis
930 3210 1122 3282 delectamur
1138 3209 1278 3282 ecclesiae

418 3369 549 3442 quorum
569 3343 743 3440 fragrantiis
758 3343 902 3442 impletus
920 3357 969 3415 est
988 3343 1130 3415 mundus.
1183 3346 1279 3415 Tuam
1369 3395 1372 3400 -

419 3488 619 3574 expectamus
636 3475 742 3562 fidem,
756 3477 816 3548 tuis
829 3476 1112 3549 condelectabimur
1128 3477 1277 3560 moribus,

418 3607 478 3678 tuis
490 3607 754 3704 congaudebimus
769 3609 928 3707 operibus.
981 3608 1147 3680 Prudentia
1161 3621 1192 3679 et
1204 3621 1281 3679 tem-

417 3741 568 3838 perentia,
583 3741 728 3812 tortitudo
747 3755 779 3813 et
791 3741 908 3839 justitia
922 3754 973 3812 tua
987 3755 1113 3812 nostros
1131 3741 1282 3814 subleva-

418 3871 463 3941 bit
487 3869 632 3954 affectus,
656 3884 688 3941 et
711 3870 828 3942 avidius
854 3870 992 3956 delicatis
1018 3871 1172 3956 obsoniis,
1198 3885 1282 3942 tuam
