3012 5040
482 715 592 760 assueri
610 715 644 760 os
663 716 753 760 auaui
771 717 916 764 suissuia.
1059 691 1127 765 tlt

270 1043 471 1115 sussum
492 1047 589 1116 xvu.
611 1090 658 1099 -
674 1027 728 1118 Α»ι
745 1049 899 1119 noima
923 1071 957 1118 »a
980 1049 1126 1118 seua.

272 1291 534 1365 Reuereadissimo
550 1296 684 1366 Domitia
707 1309 735 1365 et
751 1297 850 1366 amieo
873 1321 928 1366 suo
952 1295 1079 1368 lloberto
1095 1295 1132 1365 de

321 1423 437 1522 Sipillo
446 1423 545 1522 frater
557 1424 714 1508 Oslrertus,
725 1428 786 1498 Dei
797 1428 903 1524 qratia
915 1426 1132 1498 claustralium

326 1556 584 1629 Wastmouasterii
602 1560 693 1657 prior
714 1557 833 1639 ardiae,
854 1557 909 1630 sed
929 1560 993 1630 oita
1012 1572 1040 1630 et
1055 1557 1133 1629 rali-

320 1691 409 1785 piam
425 1691 511 1789 loape
522 1693 686 1788 posterior,
701 1693 746 1763 sie
761 1694 796 1763 ia
812 1691 971 1790 sipuaoulo
986 1692 1135 1788 imaqiais

321 1823 381 1892 Dei
394 1821 602 1919 spiritualiter
617 1823 771 1919 imprimi,
784 1837 820 1892 ut
836 1821 880 1894 ad
894 1820 1134 1893 similitudimem

318 1953 484 2025 eruditoris
499 1956 551 2025 sui
567 1969 723 2034 aureatur
740 1954 872 2052 selieiter
889 1954 1067 2052 reformari.

321 2203 422 2286 Quum
446 2215 497 2286 te,
523 2202 739 2288 dilectissime,
764 2204 794 2274 in
819 2204 944 2276 fornace
965 2203 1133 2302 Babylonis

272 2333 353 2430 iguis
370 2346 531 2432 excoquat,
552 2359 611 2406 nee
630 2348 750 2420 exurat,
770 2336 871 2432 cogita
890 2349 994 2408 tamen
1012 2335 1135 2408 assidue

274 2467 375 2538 civem
389 2480 420 2538 te
433 2491 505 2538 esse
518 2468 691 2540 Jerusalem
696 2525 1130 2538 ........

275 2601 395 2694 Seneca
416 2599 548 2672 docente
565 2599 726 2672 didicimus
744 2601 869 2672 beatum
889 2625 961 2672 eum
981 2626 1044 2671 non
1063 2625 1135 2670 esse

275 2758 368 2830 quem
391 2733 502 2826 vulgus
521 2732 671 2831 appellat,
694 2731 733 2836 ad
758 2757 854 2843 quem¹
873 2732 1002 2831 pecunia
1024 2757 1135 2828 magna

275 2863 432 2950 confluxit,
449 2864 505 2936 sed
518 2864 604 2936 illum
616 2865 664 2936 cui
677 2865 794 2937 bouum
807 2891 901 2936 omne
915 2865 945 2936 in
958 2863 1060 2936 animo
1072 2877 1131 2934 est.

325 3129 401 3198 Vale
420 3145 451 3199 et
463 3128 556 3225 dilige
569 3155 619 3200 me
633 3129 813 3225 diligentem
829 3143 871 3215 te,
887 3129 1045 3228 fixumque
1062 3143 1135 3200 tene

276 3274 410 3333 mortem
426 3262 594 3360 aequalibus
611 3262 720 3334 studiis
736 3263 853 3335 dillerri
868 3290 885 3334 a
899 3288 1009 3359 regum
1026 3260 1136 3360 palatio

267 3407 312 3462 ut
328 3417 497 3492 pauperum
513 3393 645 3490 tugurio.
682 3435 685 3440 ·
