<?xml version="1.0" encoding="UTF-8"?>
<!DOCTYPE html PUBLIC "-//W3C//DTD XHTML 1.0 Transitional//EN"
    "http://www.w3.org/TR/xhtml1/DTD/xhtml1-transitional.dtd">
<html xmlns="http://www.w3.org/1999/xhtml" xml:lang="en" lang="en">
 <head>
  <title>
</title>
<meta http-equiv="Content-Type" content="text/html;charset=utf-8" />
  <meta name='ocr-system' content='tesseract 3.04.00' />
  <meta name='ocr-capabilities' content='ocr_page ocr_carea ocr_par ocr_line ocrx_word'/>
</head>
<body>
  <div class='ocr_page' id='page_1' title='image "./epistolaeherber00ethegoog_0162.png"; bbox 0 0 3012 5040; ppageno 0'>
   <div class='ocr_carea' id='block_1_1' title="bbox 421 741 1069 807">
    <p class='ocr_par' dir='ltr' id='par_1_1' title="bbox 421 741 1069 807">
     <span class='ocr_line' id='line_1_1' title="bbox 421 741 1069 807; baseline 0 -1"><span class='ocrx_word' id='word_1_1' title='bbox 421 763 533 807; x_wconf 84' lang='lat' dir='ltr'>osaumr</span> <span class='ocrx_word' id='word_1_2' title='bbox 551 762 585 806; x_wconf 86' lang='lat' dir='ltr'>on</span> <span class='ocrx_word' id='word_1_3' title='bbox 605 762 695 807; x_wconf 74' lang='lat' dir='ltr'>cunni</span> <span class='ocrx_word' id='word_1_4' title='bbox 714 763 859 807; x_wconf 80' lang='lat' dir='ltr'>uusronn.</span> <span class='ocrx_word' id='word_1_5' title='bbox 1003 741 1069 807; x_wconf 80' lang='lat' dir='ltr'>t39</span> 
     </span>
    </p>
   </div>
   <div class='ocr_carea' id='block_1_2' title="bbox 210 919 1074 2075">
    <p class='ocr_par' dir='ltr' id='par_1_2' title="bbox 210 919 1074 2075">
     <span class='ocr_line' id='line_1_2' title="bbox 210 919 1069 1018; baseline 0 -28"><span class='ocrx_word' id='word_1_6' title='bbox 210 922 284 1004; x_wconf 80' lang='lat' dir='ltr'>lem,</span> <span class='ocrx_word' id='word_1_7' title='bbox 302 921 388 1018; x_wconf 84' lang='lat' dir='ltr'>quasi</span> <span class='ocrx_word' id='word_1_8' title='bbox 406 933 543 1018; x_wconf 78' lang='lat' dir='ltr'>patrem3</span> <span class='ocrx_word' id='word_1_9' title='bbox 568 931 599 988; x_wconf 87' lang='lat' dir='ltr'>et</span> <span class='ocrx_word' id='word_1_10' title='bbox 622 919 672 989; x_wconf 88' lang='lat' dir='ltr'>ille</span> <span class='ocrx_word' id='word_1_11' title='bbox 693 920 779 1016; x_wconf 82' lang='lat' dir='ltr'>quasi</span> <span class='ocrx_word' id='word_1_12' title='bbox 799 920 914 990; x_wconf 85' lang='lat' dir='ltr'>amicus</span> <span class='ocrx_word' id='word_1_13' title='bbox 935 935 1069 1002; x_wconf 81' lang='lat' dir='ltr'>moneat,</span> 
     </span>
     <span class='ocr_line' id='line_1_3' title="bbox 211 1051 1068 1149; baseline 0 -27"><span class='ocrx_word' id='word_1_14' title='bbox 211 1053 434 1149; x_wconf 64' lang='lat' dir='ltr'>objurgatum</span> <span class='ocrx_word' id='word_1_15' title='bbox 441 1051 585 1148; x_wconf 86' lang='lat' dir='ltr'>jactantia</span> <span class='ocrx_word' id='word_1_16' title='bbox 596 1051 1068 1133; x_wconf 79' lang='lat' dir='ltr'>studio,sedcharitatisaffectu.</span> 
     </span>
     <span class='ocr_line' id='line_1_4' title="bbox 210 1183 1072 1282; baseline 0 -28"><span class='ocrx_word' id='word_1_17' title='bbox 210 1187 321 1282; x_wconf 87' lang='lat' dir='ltr'>Neque</span> <span class='ocrx_word' id='word_1_18' title='bbox 343 1183 469 1254; x_wconf 89' lang='lat' dir='ltr'>monitio</span> <span class='ocrx_word' id='word_1_19' title='bbox 486 1208 596 1280; x_wconf 87' lang='lat' dir='ltr'>aspera</span> <span class='ocrx_word' id='word_1_20' title='bbox 614 1183 664 1266; x_wconf 80' lang='lat' dir='ltr'>sit,</span> <span class='ocrx_word' id='word_1_21' title='bbox 687 1208 746 1253; x_wconf 87' lang='lat' dir='ltr'>nec</span> <span class='ocrx_word' id='word_1_22' title='bbox 767 1184 940 1280; x_wconf 79' lang='lat' dir='ltr'>objurgatio</span> <span class='ocrx_word' id='word_1_23' title='bbox 961 1197 1072 1254; x_wconf 91' lang='lat' dir='ltr'>contu-</span> 
     </span>
     <span class='ocr_line' id='line_1_5' title="bbox 211 1312 1071 1400; baseline 0.001 -16"><span class='ocrx_word' id='word_1_24' title='bbox 211 1315 348 1385; x_wconf 90' lang='lat' dir='ltr'>meliosa.</span> <span class='ocrx_word' id='word_1_25' title='bbox 387 1312 795 1384; x_wconf 80' lang='lat' dir='ltr'>HaecbeatusAmbrosius.</span> <span class='ocrx_word' id='word_1_26' title='bbox 836 1316 1004 1400; x_wconf 83' lang='lat' dir='ltr'>Caeterum,</span> <span class='ocrx_word' id='word_1_27' title='bbox 1020 1341 1071 1385; x_wconf 90' lang='lat' dir='ltr'>me</span> 
     </span>
     <span class='ocr_line' id='line_1_6' title="bbox 211 1444 1072 1545; baseline -0.002 -27"><span class='ocrx_word' id='word_1_28' title='bbox 211 1447 327 1545; x_wconf 90' lang='lat' dir='ltr'>poteris</span> <span class='ocrx_word' id='word_1_29' title='bbox 340 1447 457 1517; x_wconf 85' lang='lat' dir='ltr'>habere</span> <span class='ocrx_word' id='word_1_30' title='bbox 472 1457 616 1542; x_wconf 93' lang='lat' dir='ltr'>tanquam</span> <span class='ocrx_word' id='word_1_31' title='bbox 633 1444 764 1516; x_wconf 89' lang='lat' dir='ltr'>alterum</span> <span class='ocrx_word' id='word_1_32' title='bbox 782 1460 823 1528; x_wconf 74' lang='lat' dir='ltr'>te,</span> <span class='ocrx_word' id='word_1_33' title='bbox 840 1446 870 1516; x_wconf 92' lang='lat' dir='ltr'>in</span> <span class='ocrx_word' id='word_1_34' title='bbox 883 1445 1024 1516; x_wconf 91' lang='lat' dir='ltr'>adversis</span> <span class='ocrx_word' id='word_1_35' title='bbox 1041 1461 1072 1516; x_wconf 88' lang='lat' dir='ltr'>et</span> 
     </span>
     <span class='ocr_line' id='line_1_7' title="bbox 211 1576 1068 1677; baseline 0 -29"><span class='ocrx_word' id='word_1_36' title='bbox 211 1579 371 1677; x_wconf 85' lang='lat' dir='ltr'>prosperis</span> <span class='ocrx_word' id='word_1_37' title='bbox 382 1592 542 1648; x_wconf 91' lang='lat' dir='ltr'>strenuum</span> <span class='ocrx_word' id='word_1_38' title='bbox 556 1576 728 1672; x_wconf 83' lang='lat' dir='ltr'>adjutorem</span> <span class='ocrx_word' id='word_1_39' title='bbox 740 1591 771 1646; x_wconf 90' lang='lat' dir='ltr'>et</span> <span class='ocrx_word' id='word_1_40' title='bbox 784 1577 914 1648; x_wconf 88' lang='lat' dir='ltr'>amioum</span> <span class='ocrx_word' id='word_1_41' title='bbox 928 1577 1068 1662; x_wconf 78' lang='lat' dir='ltr'>fidelem3</span> 
     </span>
     <span class='ocr_line' id='line_1_8' title="bbox 212 1708 1073 1805; baseline 0 -27"><span class='ocrx_word' id='word_1_42' title='bbox 212 1723 254 1793; x_wconf 80' lang='lat' dir='ltr'>et,</span> <span class='ocrx_word' id='word_1_43' title='bbox 280 1723 313 1781; x_wconf 90' lang='lat' dir='ltr'>ut</span> <span class='ocrx_word' id='word_1_44' title='bbox 337 1709 523 1779; x_wconf 81' lang='lat' dir='ltr'>Ambrosius</span> <span class='ocrx_word' id='word_1_45' title='bbox 543 1708 583 1778; x_wconf 93' lang='lat' dir='ltr'>ait</span> <span class='ocrx_word' id='word_1_46' title='bbox 608 1736 613 1776; x_wconf 91' lang='lat'>:</span> <span class='ocrx_word' id='word_1_47' title='bbox 642 1709 791 1778; x_wconf 85' lang='lat' dir='ltr'>Solatium</span> <span class='ocrx_word' id='word_1_48' title='bbox 817 1709 890 1778; x_wconf 69' lang='lat' dir='ltr'>vitae</span> <span class='ocrx_word' id='word_1_49' title='bbox 913 1709 1003 1805; x_wconf 84' lang='lat' dir='ltr'>hujus</span> <span class='ocrx_word' id='word_1_50' title='bbox 1023 1724 1073 1779; x_wconf 89' lang='lat' dir='ltr'>est</span> 
     </span>
     <span class='ocr_line' id='line_1_9' title="bbox 211 1841 1073 1939; baseline -0.005 -25"><span class='ocrx_word' id='word_1_51' title='bbox 211 1856 244 1914; x_wconf 91' lang='lat' dir='ltr'>ut</span> <span class='ocrx_word' id='word_1_52' title='bbox 271 1842 388 1913; x_wconf 87' lang='lat' dir='ltr'>habeas</span> <span class='ocrx_word' id='word_1_53' title='bbox 418 1842 465 1911; x_wconf 94' lang='lat' dir='ltr'>cui</span> <span class='ocrx_word' id='word_1_54' title='bbox 495 1855 604 1938; x_wconf 87' lang='lat' dir='ltr'>pectus</span> <span class='ocrx_word' id='word_1_55' title='bbox 630 1841 750 1939; x_wconf 86' lang='lat' dir='ltr'>aperias</span> <span class='ocrx_word' id='word_1_56' title='bbox 779 1855 883 1924; x_wconf 90' lang='lat' dir='ltr'>tuum,</span> <span class='ocrx_word' id='word_1_57' title='bbox 915 1868 984 1911; x_wconf 88' lang='lat' dir='ltr'>cum</span> <span class='ocrx_word' id='word_1_58' title='bbox 1011 1867 1073 1938; x_wconf 95' lang='lat' dir='ltr'>quo</span> 
     </span>
     <span class='ocr_line' id='line_1_10' title="bbox 210 1977 1074 2075; baseline -0.003 -26"><span class='ocrx_word' id='word_1_59' title='bbox 210 2005 319 2049; x_wconf 91' lang='lat' dir='ltr'>arcana</span> <span class='ocrx_word' id='word_1_60' title='bbox 347 1977 527 2075; x_wconf 78' lang='lat' dir='ltr'>participes,</span> <span class='ocrx_word' id='word_1_61' title='bbox 559 1977 606 2048; x_wconf 91' lang='lat' dir='ltr'>cui</span> <span class='ocrx_word' id='word_1_62' title='bbox 637 1977 812 2047; x_wconf 78' lang='lat' dir='ltr'>committas</span> <span class='ocrx_word' id='word_1_63' title='bbox 840 1993 1012 2060; x_wconf 85' lang='lat' dir='ltr'>secretum,</span> <span class='ocrx_word' id='word_1_64' title='bbox 1041 1993 1074 2047; x_wconf 86' lang='lat' dir='ltr'>ut</span> 
     </span>
    </p>
   </div>
   <div class='ocr_carea' id='block_1_3' title="bbox 209 2109 1074 2208">
    <p class='ocr_par' dir='ltr' id='par_1_3' title="bbox 209 2109 1074 2208">
     <span class='ocr_line' id='line_1_11' title="bbox 209 2109 1074 2208; baseline -0.003 -26"><span class='ocrx_word' id='word_1_65' title='bbox 209 2111 344 2182; x_wconf 86' lang='lat' dir='ltr'>colloces</span> <span class='ocrx_word' id='word_1_66' title='bbox 361 2110 414 2180; x_wconf 91' lang='lat' dir='ltr'>tibi</span> <span class='ocrx_word' id='word_1_67' title='bbox 432 2109 555 2179; x_wconf 88' lang='lat' dir='ltr'>fidelem</span> <span class='ocrx_word' id='word_1_68' title='bbox 574 2109 687 2192; x_wconf 78' lang='lat' dir='ltr'>virum,</span> <span class='ocrx_word' id='word_1_69' title='bbox 708 2109 758 2206; x_wconf 92' lang='lat' dir='ltr'>qui</span> <span class='ocrx_word' id='word_1_70' title='bbox 779 2110 809 2178; x_wconf 95' lang='lat' dir='ltr'>in</span> <span class='ocrx_word' id='word_1_71' title='bbox 827 2109 987 2208; x_wconf 86' lang='lat' dir='ltr'>prosperis</span> <span class='ocrx_word' id='word_1_72' title='bbox 1005 2135 1074 2205; x_wconf 77' lang='lat' dir='ltr'>gra-</span> 
     </span>
    </p>
   </div>
   <div class='ocr_carea' id='block_1_4' title="bbox 210 2215 1073 2338">
    <p class='ocr_par' dir='ltr' id='par_1_4' title="bbox 210 2215 1073 2338">
     <span class='ocr_line' id='line_1_12' title="bbox 210 2215 1073 2338; baseline -0.005 -24"><span class='ocrx_word' id='word_1_73' title='bbox 210 2245 325 2314; x_wconf 86' lang='lat' dir='ltr'>tuletur</span> <span class='ocrx_word' id='word_1_74' title='bbox 344 2215 409 2327; x_wconf 85' lang='lat' dir='ltr'>tibi,</span> <span class='ocrx_word' id='word_1_75' title='bbox 430 2244 460 2312; x_wconf 92' lang='lat' dir='ltr'>in</span> <span class='ocrx_word' id='word_1_76' title='bbox 479 2242 618 2312; x_wconf 88' lang='lat' dir='ltr'>tristibus</span> <span class='ocrx_word' id='word_1_77' title='bbox 637 2241 848 2338; x_wconf 78' lang='lat' dir='ltr'>compatiatur,</span> <span class='ocrx_word' id='word_1_78' title='bbox 869 2241 899 2311; x_wconf 92' lang='lat' dir='ltr'>in</span> <span class='ocrx_word' id='word_1_79' title='bbox 918 2267 1073 2338; x_wconf 87' lang='lat' dir='ltr'>persecu-</span> 
     </span>
    </p>
   </div>
   <div class='ocr_carea' id='block_1_5' title="bbox 210 2375 1072 2472">
    <p class='ocr_par' dir='ltr' id='par_1_5' title="bbox 210 2375 1072 2472">
     <span class='ocr_line' id='line_1_13' title="bbox 210 2375 1072 2472; baseline -0.006 -24"><span class='ocrx_word' id='word_1_80' title='bbox 210 2379 345 2449; x_wconf 89' lang='lat' dir='ltr'>tionibus</span> <span class='ocrx_word' id='word_1_81' title='bbox 358 2377 548 2448; x_wconf 86' lang='lat' dir='ltr'>adhortetur.</span> <span class='ocrx_word' id='word_1_82' title='bbox 594 2379 681 2446; x_wconf 89' lang='lat' dir='ltr'>Hano</span> <span class='ocrx_word' id='word_1_83' title='bbox 691 2375 852 2472; x_wconf 89' lang='lat' dir='ltr'>epistolam</span> <span class='ocrx_word' id='word_1_84' title='bbox 866 2375 937 2444; x_wconf 94' lang='lat' dir='ltr'>volo</span> <span class='ocrx_word' id='word_1_85' title='bbox 949 2375 1072 2444; x_wconf 85' lang='lat' dir='ltr'>audiant</span> 
     </span>
    </p>
   </div>
   <div class='ocr_carea' id='block_1_6' title="bbox 210 2505 1192 2605">
    <p class='ocr_par' dir='ltr' id='par_1_6' title="bbox 210 2505 1192 2605">
     <span class='ocr_line' id='line_1_14' title="bbox 210 2505 1192 2605; baseline -0.004 -26"><span class='ocrx_word' id='word_1_86' title='bbox 210 2523 274 2580; x_wconf 94' lang='lat' dir='ltr'>tam</span> <span class='ocrx_word' id='word_1_87' title='bbox 291 2509 402 2578; x_wconf 89' lang='lat' dir='ltr'>inimici</span> <span class='ocrx_word' id='word_1_88' title='bbox 423 2534 514 2605; x_wconf 89' lang='lat' dir='ltr'>quam</span> <span class='ocrx_word' id='word_1_89' title='bbox 531 2506 630 2591; x_wconf 80' lang='lat' dir='ltr'>amici,</span> <span class='ocrx_word' id='word_1_90' title='bbox 651 2521 685 2578; x_wconf 88' lang='lat' dir='ltr'>ut</span> <span class='ocrx_word' id='word_1_91' title='bbox 705 2531 887 2576; x_wconf 88' lang='lat' dir='ltr'>corrosores</span> <span class='ocrx_word' id='word_1_92' title='bbox 908 2505 1070 2589; x_wconf 86' lang='lat' dir='ltr'>denotent,</span> <span class='ocrx_word' id='word_1_93' title='bbox 1189 2529 1192 2534; x_wconf 90' lang='grc'><strong><em>·</em></strong></span> 
     </span>
    </p>
   </div>
   <div class='ocr_carea' id='block_1_7' title="bbox 212 2638 1072 2738">
    <p class='ocr_par' dir='ltr' id='par_1_7' title="bbox 212 2638 1072 2738">
     <span class='ocr_line' id='line_1_15' title="bbox 212 2638 1072 2738; baseline -0.005 -28"><span class='ocrx_word' id='word_1_94' title='bbox 212 2641 236 2710; x_wconf 94' lang='lat' dir='ltr'>si</span> <span class='ocrx_word' id='word_1_95' title='bbox 254 2653 394 2738; x_wconf 81' lang='lat' dir='ltr'>possunt,</span> <span class='ocrx_word' id='word_1_96' title='bbox 416 2639 587 2722; x_wconf 85' lang='lat' dir='ltr'>maledicta,</span> <span class='ocrx_word' id='word_1_97' title='bbox 608 2653 659 2709; x_wconf 92' lang='lat' dir='ltr'>aut</span> <span class='ocrx_word' id='word_1_98' title='bbox 678 2651 777 2708; x_wconf 86' lang='lat' dir='ltr'>testes</span> <span class='ocrx_word' id='word_1_99' title='bbox 796 2638 935 2708; x_wconf 89' lang='lat' dir='ltr'>veritatis</span> <span class='ocrx_word' id='word_1_100' title='bbox 954 2663 1072 2734; x_wconf 86' lang='lat' dir='ltr'>appro-</span> 
     </span>
    </p>
   </div>
   <div class='ocr_carea' id='block_1_8' title="bbox 212 2771 898 2870">
    <p class='ocr_par' dir='ltr' id='par_1_8' title="bbox 212 2771 898 2870">
     <span class='ocr_line' id='line_1_16' title="bbox 212 2771 898 2870; baseline -0.004 -26"><span class='ocrx_word' id='word_1_101' title='bbox 212 2775 299 2857; x_wconf 81' lang='lat' dir='ltr'>bent,</span> <span class='ocrx_word' id='word_1_102' title='bbox 319 2773 343 2843; x_wconf 92' lang='lat' dir='ltr'>si</span> <span class='ocrx_word' id='word_1_103' title='bbox 362 2772 533 2870; x_wconf 82' lang='lat' dir='ltr'>praevalent</span> <span class='ocrx_word' id='word_1_104' title='bbox 549 2771 769 2843; x_wconf 87' lang='lat' dir='ltr'>rationabiliter</span> <span class='ocrx_word' id='word_1_105' title='bbox 787 2772 898 2842; x_wconf 88' lang='lat' dir='ltr'>oblata.</span> 
     </span>
    </p>
   </div>
   <div class='ocr_carea' id='block_1_9' title="bbox 333 3053 945 3128">
    <p class='ocr_par' dir='ltr' id='par_1_9' title="bbox 333 3053 945 3128">
     <span class='ocr_line' id='line_1_17' title="bbox 333 3053 945 3128; baseline -0.01 1"><span class='ocrx_word' id='word_1_106' title='bbox 333 3056 535 3128; x_wconf 75' lang='lat' dir='ltr'>EPISTULA</span> <span class='ocrx_word' id='word_1_107' title='bbox 554 3057 636 3124; x_wconf 92' lang='lat' dir='ltr'>Xlll.</span> <span class='ocrx_word' id='word_1_108' title='bbox 652 3097 699 3106; x_wconf 88' lang='lat'>-—</span> <span class='ocrx_word' id='word_1_109' title='bbox 713 3055 760 3124; x_wconf 79' lang='lat' dir='ltr'>Ao</span> <span class='ocrx_word' id='word_1_110' title='bbox 777 3053 945 3124; x_wconf 80' lang='lat' dir='ltr'>dnsuuuuu.</span> 
     </span>
    </p>
   </div>
   <div class='ocr_carea' id='block_1_10' title="bbox 207 3219 1107 3590">
    <p class='ocr_par' dir='ltr' id='par_1_10' title="bbox 207 3219 1107 3590">
     <span class='ocr_line' id='line_1_18' title="bbox 207 3219 1073 3321; baseline -0.006 -27"><span class='ocrx_word' id='word_1_111' title='bbox 207 3223 344 3294; x_wconf 78' lang='lat' dir='ltr'>Domino</span> <span class='ocrx_word' id='word_1_112' title='bbox 360 3251 416 3294; x_wconf 86' lang='lat' dir='ltr'>suo</span> <span class='ocrx_word' id='word_1_113' title='bbox 435 3226 533 3321; x_wconf 64' lang='lat' dir='ltr'>patra,</span> <span class='ocrx_word' id='word_1_114' title='bbox 551 3225 672 3304; x_wconf 80' lang='lat' dir='ltr'>rectori,</span> <span class='ocrx_word' id='word_1_115' title='bbox 687 3223 860 3320; x_wconf 79' lang='lat' dir='ltr'>protecto-ri,</span> <span class='ocrx_word' id='word_1_116' title='bbox 879 3219 980 3317; x_wconf 78' lang='lat' dir='ltr'>asylo,</span> <span class='ocrx_word' id='word_1_117' title='bbox 998 3246 1073 3290; x_wconf 84' lang='lat' dir='ltr'>coo-</span> 
     </span>
     <span class='ocr_line' id='line_1_19' title="bbox 262 3353 1073 3454; baseline -0.005 -28"><span class='ocrx_word' id='word_1_118' title='bbox 262 3357 330 3426; x_wconf 82' lang='lat' dir='ltr'>silii</span> <span class='ocrx_word' id='word_1_119' title='bbox 353 3359 405 3427; x_wconf 81' lang='lat' dir='ltr'>soi</span> <span class='ocrx_word' id='word_1_120' title='bbox 428 3356 546 3454; x_wconf 73' lang='lat' dir='ltr'>Aoqelo</span> <span class='ocrx_word' id='word_1_121' title='bbox 570 3358 630 3426; x_wconf 83' lang='lat' dir='ltr'>Dei</span> <span class='ocrx_word' id='word_1_122' title='bbox 648 3358 770 3453; x_wconf 75' lang='lat' dir='ltr'>pratia,</span> <span class='ocrx_word' id='word_1_123' title='bbox 792 3353 947 3434; x_wconf 82' lang='lat' dir='ltr'>Anselrno,</span> <span class='ocrx_word' id='word_1_124' title='bbox 974 3353 1073 3449; x_wconf 76' lang='lat' dir='ltr'>frater</span> 
     </span>
     <span class='ocr_line' id='line_1_20' title="bbox 264 3485 1107 3590; baseline -0.008 -30"><span class='ocrx_word' id='word_1_125' title='bbox 264 3489 419 3570; x_wconf 82' lang='lat' dir='ltr'>Osbertu&#39;s,</span> <span class='ocrx_word' id='word_1_126' title='bbox 439 3503 517 3559; x_wconf 83' lang='lat' dir='ltr'>totus</span> <span class='ocrx_word' id='word_1_127' title='bbox 532 3515 608 3559; x_wconf 86' lang='lat' dir='ltr'>sous</span> <span class='ocrx_word' id='word_1_128' title='bbox 625 3487 775 3586; x_wconf 81' lang='lat' dir='ltr'>quicquid</span> <span class='ocrx_word' id='word_1_129' title='bbox 790 3513 924 3583; x_wconf 83' lang='lat' dir='ltr'>usquam</span> <span class='ocrx_word' id='word_1_130' title='bbox 940 3485 1011 3554; x_wconf 81' lang='lat' dir='ltr'>boni</span> <span class='ocrx_word' id='word_1_131' title='bbox 1031 3497 1075 3554; x_wconf 83' lang='lat' dir='ltr'>est</span> <span class='ocrx_word' id='word_1_132' title='bbox 1105 3586 1107 3590; x_wconf 23' lang='grc' dir='ltr'>Ι</span> 
     </span>
    </p>
   </div>
   <div class='ocr_carea' id='block_1_11' title="bbox 261 3619 615 3717">
    <p class='ocr_par' dir='ltr' id='par_1_11' title="bbox 261 3619 615 3717">
     <span class='ocr_line' id='line_1_21' title="bbox 261 3619 615 3717; baseline -0.003 -28"><span class='ocrx_word' id='word_1_133' title='bbox 261 3634 290 3689; x_wconf 84' lang='lat' dir='ltr'>et</span> <span class='ocrx_word' id='word_1_134' title='bbox 304 3622 371 3690; x_wconf 81' lang='lat' dir='ltr'>sine</span> <span class='ocrx_word' id='word_1_135' title='bbox 386 3647 446 3717; x_wconf 82' lang='lat' dir='ltr'>quo</span> <span class='ocrx_word' id='word_1_136' title='bbox 462 3619 546 3689; x_wconf 67' lang='lat' dir='ltr'>altit</span> <span class='ocrx_word' id='word_1_137' title='bbox 562 3633 615 3690; x_wconf 84' lang='lat' dir='ltr'>est.</span> 
     </span>
    </p>
   </div>
   <div class='ocr_carea' id='block_1_12' title="bbox 214 3835 1073 4062">
    <p class='ocr_par' dir='ltr' id='par_1_12' title="bbox 214 3835 1073 4062">
     <span class='ocr_line' id='line_1_22' title="bbox 261 3835 1069 3933; baseline -0.001 -28"><span class='ocrx_word' id='word_1_138' title='bbox 261 3836 413 3906; x_wconf 89' lang='lat' dir='ltr'>Dormitat</span> <span class='ocrx_word' id='word_1_139' title='bbox 428 3837 527 3906; x_wconf 87' lang='lat' dir='ltr'>anima</span> <span class='ocrx_word' id='word_1_140' title='bbox 551 3861 620 3906; x_wconf 91' lang='lat' dir='ltr'>mea</span> <span class='ocrx_word' id='word_1_141' title='bbox 642 3861 707 3933; x_wconf 86' lang='lat' dir='ltr'>prae</span> <span class='ocrx_word' id='word_1_142' title='bbox 729 3835 833 3918; x_wconf 77' lang='lat' dir='ltr'>taedio,</span> <span class='ocrx_word' id='word_1_143' title='bbox 858 3835 1069 3917; x_wconf 72' lang='lat' dir='ltr'>dilectissime,</span> 
     </span>
     <span class='ocr_line' id='line_1_23' title="bbox 214 3965 1073 4062; baseline -0.003 -26"><span class='ocrx_word' id='word_1_144' title='bbox 214 3965 295 4062; x_wconf 94' lang='lat' dir='ltr'>quod</span> <span class='ocrx_word' id='word_1_145' title='bbox 317 3965 523 4036; x_wconf 87' lang='lat' dir='ltr'>desideratam</span> <span class='ocrx_word' id='word_1_146' title='bbox 546 3991 607 4035; x_wconf 91' lang='lat' dir='ltr'>non</span> <span class='ocrx_word' id='word_1_147' title='bbox 634 3991 760 4061; x_wconf 89' lang='lat' dir='ltr'>possum</span> <span class='ocrx_word' id='word_1_148' title='bbox 785 3966 892 4036; x_wconf 90' lang='lat' dir='ltr'>laciem</span> <span class='ocrx_word' id='word_1_149' title='bbox 917 3977 1000 4034; x_wconf 88' lang='lat' dir='ltr'>tunm</span> <span class='ocrx_word' id='word_1_150' title='bbox 1019 3965 1073 4034; x_wconf 89' lang='lat' dir='ltr'>vi—</span> 
     </span>
    </p>
   </div>
   <div class='ocr_carea' id='block_1_13' title="bbox 0 0 1515 5040">
    <p class='ocr_par' dir='ltr' id='par_1_13' title="bbox 0 0 1515 5040">
     <span class='ocr_line' id='line_1_24' title="bbox 0 0 1515 5040; baseline 0 0"><span class='ocrx_word' id='word_1_151' title='bbox 0 0 1515 5040; x_wconf 95' lang='lat' dir='ltr'> </span> 
     </span>
    </p>
   </div>
  </div>
 </body>
</html>
