3038 5036
389 745 459 816 220
510 765 610 812 ninum
629 765 734 810 rnronrs
751 765 966 812 annrunmunsrs
981 765 1125 812 nusrooa.

527 1063 729 1133 EPISTOLA
750 1065 801 1132 lv.
814 1063 914 1134 -Ao
932 1065 1092 1134 chnuuuu.

379 1193 493 1288 Incipit
510 1192 639 1289 epistola
657 1191 694 1262 dc
712 1193 786 1263 bono
806 1195 877 1264 oitoe
901 1193 1082 1263 claustralis
1107 1193 1239 1262 Domino

426 1325 534 1394 noerito
551 1323 725 1394 honorabili
743 1339 770 1394 ct
783 1327 849 1422 pin
868 1324 1041 1396 dilectionis
1057 1323 1168 1421 offecto
1179 1351 1239 1396 su-

428 1453 562 1525 blimiter
574 1455 790 1551 amplectando,
806 1454 903 1551 [ratri
913 1455 1058 1535 Ricardo,
1074 1454 1240 1526 venorabili

426 1586 493 1683 filio
509 1585 641 1657 ecclcsiae
654 1590 755 1657 sancti
771 1588 945 1666 Pancratii,
960 1587 1060 1684 [roton
1077 1587 1237 1664 lllnicrus,

428 1743 492 1788 suoe
514 1717 686 1788 dilectionis
709 1744 829 1798 serane,
858 1721 892 1788 in
914 1722 1064 1816 prasenti
1086 1733 1188 1789 concta
1212 1733 1241 1789 ct

432 1851 466 1918 in
487 1848 592 1945 sutoro
613 1849 696 1920 boote
718 1852 828 1921 cicccc.

430 1983 513 2050 Num
529 1981 686 2078 quidnam,
707 1983 877 2068 carissime,
893 1982 1049 2054 charitatis
1064 1983 1132 2079 jura
1152 2007 1239 2080 prae—

380 2113 495 2211 cipiunt
507 2114 632 2184 cuilibet
649 2113 761 2212 aliquid
775 2141 866 2212 supra
882 2115 967 2186 vires
979 2115 1094 2212 injungi
1108 2115 1237 2197 debere,

380 2271 451 2316 cum
471 2245 658 2317 imbecillum
677 2245 824 2318 debilitati
846 2246 1100 2318 condescendere
1117 2248 1155 2319 ad
1174 2250 1241 2344 ejus

380 2377 469 2473 leges
490 2377 632 2448 videatur
655 2380 835 2476 pertinere?
892 2379 973 2464 Quid
996 2406 1073 2476 ergo
1097 2381 1154 2450 sibi
1176 2381 1241 2450 vult

380 2509 464 2607 quod
481 2508 603 2580 dilectio
621 2523 726 2580 vestra
749 2510 889 2606 parvitati
907 2535 987 2580 meae
1011 2511 1160 2609 praecepit
1182 2511 1240 2581 ali-

381 2641 455 2739 quid
472 2641 512 2712 de
528 2642 700 2712 claustralis
712 2642 786 2712 vitae
799 2642 882 2712 bono
900 2655 1045 2726 tractare,
1062 2669 1156 2740 quum
1169 2669 1241 2714 con-

382 2788 445 2845 stet
471 2799 522 2844 me
552 2774 621 2844 talis
653 2774 722 2845 vitae
751 2799 810 2844 uec
841 2788 981 2845 extrema
1009 2783 1177 2870 gustasse?
1202 2801 1240 2845 an

381 2906 571 2990 attendistiS‚
598 2906 667 3004 quia
692 2931 778 3003 saepe
808 2907 930 3004 praebet
957 2906 1133 2977 obedientia
1159 2905 1241 3003 quod

360 3020 362 3024 Α
382 3066 443 3110 nou
460 3034 772 3110 conferunt'merita‘t
804 3040 844 3109 Et
856 3038 981 3136 quidem
992 3064 1043 3109 me
1057 3039 1145 3109 vobis
1158 3038 1240 3109 obe-

380 3171 518 3242 dientem
527 3197 599 3242 esse
608 3171 726 3242 debere
737 3171 870 3242 charitas
879 3171 1001 3256 elamat,
1015 3196 1086 3269 quae
1095 3197 1157 3242 non
1171 3199 1237 3252 sua,

382 3305 438 3377 sed
449 3329 520 3402 quae
532 3304 660 3375 aliorum
671 3318 753 3387 sunt,
765 3305 877 3402 quaerit
936 3306 1158 3389 Quamobrem,
1172 3329 1240 3399 gra-

381 3439 433 3509 tiae
453 3438 493 3536 pii
518 3437 686 3509 conditoris
710 3453 742 3509 et
762 3438 877 3508 vestris
903 3437 1094 3508 orationibus
1114 3463 1240 3506 sensum

382 3582 522 3641 nostmm
547 3570 760 3654 committeus
793 3569 874 3640 dabo
904 3596 960 3667 pro
989 3595 1083 3667 posse
1114 3593 1241 3666 operam

381 3715 498 3772 vestrae
509 3727 620 3796 parere
634 3701 775 3796 jussioni,
793 3701 818 3769 si
832 3725 893 3796 quo
907 3699 1000 3770 modo
1014 3698 1240 3796 obtemperanti

380 3833 452 3904 mihi
466 3833 629 3904 obediendi
643 3833 768 3904 devotio
780 3833 893 3904 tribuat
907 3831 989 3930 quod
1004 3831 1127 3930 propria
1141 3830 1243 3927 impe-

379 3965 445 4035 ritia
460 3965 603 4061 denegat.
656 3965 785 4036 Videtur
796 3965 898 4062 itaquo
913 3964 985 4034 mihi
996 3962 1166 4035 claustralis
1179 3961 1239 4032 vitu
