3012 5040
475 734 586 780 nsnnnn
603 733 638 778 nn
656 733 745 778 cinni
764 733 912 778 insania
1054 706 1122 776 445

260 891 388 964 Ovidius
409 895 505 971 Naso,
524 906 613 964 vates
630 893 763 988 gentilia,
786 891 879 962 homo
901 890 973 962 fidei
990 891 1118 969 alienuS,

261 1026 430 1096 terribilem
448 1027 478 1095 in
496 1024 564 1096 haec
581 1025 677 1095 verba
696 1024 820 1121 protulit
838 1025 1021 1096 sententiam
1040 1053 1045 1092 :

329 1242 419 1290 Omnia
432 1245 494 1291 sunt
507 1241 643 1290 hominnm
657 1241 730 1290 tenni
745 1239 885 1302 pendentia
898 1239 953 1299 file,

360 1343 389 1388 nt
400 1339 488 1390 subito
500 1351 562 1388 casu
576 1351 634 1400 qnae
648 1337 754 1387 valuere
767 1342 857 1386 rnnnt.

361 1625 563 1696 EPISTOLA
581 1625 770 1694 xvi-An
787 1626 1019 1695 Annnwonnnn.

262 1855 649 1927 Di'leaissi'monomi'non
656 1859 744 1953 patri
757 1856 959 1936 Athelaeoidn
975 1858 1034 1926 Dei
1042 1883 1123 1953 qra-

315 1990 358 2056 tia
390 2003 503 2059 sancta
537 1989 758 2058 Karleonensis
789 1988 921 2058 ecelesiae
955 1988 1125 2058 venerabis

314 2121 466 2216 episcope,
491 2119 591 2216 freter
622 2118 769 2191 osbertus
795 2119 831 2188 de
858 2119 968 2198 Clara,
992 2121 1125 2216 peccatis

313 2251 379 2320 sais
395 2251 587 2348 esniqentibas
603 2253 637 2320 in
655 2251 827 2347 Anqlornna
847 2276 938 2346 reqno
957 2253 1124 2346 proscrip-

315 2394 372 2459 tus,
390 2383 435 2451 ita
452 2383 569 2452 annulo
590 2382 666 2480 fidei
684 2396 712 2452 et
727 2384 816 2478 virqa
837 2379 1014 2452 directionis
1034 2408 1124 2478 proe—

314 2514 443 2592 muniri,
461 2527 495 2582 at
509 2516 670 2611 utriusque
687 2512 857 2610 praa-alent
874 2513 970 2582 elaris
985 2512 1124 2608 operibns

316 2643 474 2738 insiqniri.

315 2877 416 2960 Quum
434 2889 465 2946 [e
487 2876 544 2944 Dei
565 2875 769 2972 providentia,
790 2888 878 2971 pater
901 2876 1038 2970 egregie,
1059 2877 1123 2971 jam

265 3031 360 3104 super
376 3005 595 3078 candelabrum
615 3006 756 3075 eeclesiae
776 3019 920 3102 tanquam
942 3032 1053 3076 novam
1071 3007 1124 3078 lu-

266 3162 391 3210 cernam
409 3138 594 3220 aecenderit‚
621 3153 671 3209 etc
676 3195 1158 3208 ,,,,,,,,,

316 3272 393 3342 Esto
414 3272 538 3342 servulo
557 3284 610 3342 tuo
632 3271 714 3370 quod
735 3273 912 3352 Dominum,
944 3285 976 3341 et
999 3273 1124 3370 pauperi

265 3403 494 3497 consanguineo
522 3403 605 3500 quod
635 3403 726 3474 decet
754 3403 895 3474 amicum.
958 3405 1058 3486 Nam,
1092 3417 1126 3472 ut

267 3533 383 3606 Tullius
396 3535 436 3604 ait
453 3563 458 3604 :
476 3537 510 3605 ln
528 3535 656 3606 amicitia
675 3560 749 3605 vera
765 3533 834 3604 nihil
854 3548 901 3604 est
921 3531 1037 3616 fictum,
1054 3533 1126 3604 nihil

267 3663 453 3749 simulatum,
473 3679 505 3737 et
518 3666 660 3766 quicquid
679 3666 775 3736 estin
793 3665 931 3748 amicilia,
952 3691 1060 3736 verum
1079 3681 1128 3735 esi

267 3809 302 3865 et
318 3797 533 3870 voluntarium.
586 3800 784 3896 Quapropter
798 3825 814 3867 a
833 3811 940 3868 natura
958 3797 1029 3868 mihi
1043 3791 1128 3868 v'ide-

268 3941 319 3997 [υτ
332 3929 433 4025 potius
451 3955 542 4027 quani
561 3931 600 4000 ab
612 3929 777 4024 indigentia
796 3941 861 3999 orta
876 3928 1015 3998 amicilia.
1068 3932 1129 3999 Na-

995 4064 1025 4111 in
