3012 5040
416 721 461 792 8t
623 743 904 790 rarsromnuunnnnrr
919 746 1044 791 cosmon

414 1089 615 1161 EPlSTOLA
633 1090 755 1159 XLVll.
772 1134 819 1142 -
833 1092 880 1162 An
892 1093 1011 1162 Oronuu
1027 1118 1060 1162 ur
1076 1095 1268 1162 Wunmnon.

585 1305 751 1375 Hunnunrus
768 1305 858 1375 Ororu
875 1330 909 1374 nr
930 1307 1098 1376 Wurrnuo.

463 1574 541 1643 Sunt
567 1573 709 1670 quaedam
733 1599 848 1669 genera
874 1574 1009 1644 serarum
1033 1598 1103 1671 quae
1128 1572 1272 1643 desinunt

414 1729 525 1802 parere
541 1729 612 1775 eum
630 1705 675 1774 sui
695 1704 789 1775 loetus
811 1705 957 1802 incipiunt
975 1705 1156 1802 concipere;
1184 1703 1274 1774 aliter-

414 1836 496 1906 enim
516 1850 675 1907 mansuetu
698 1836 837 1907 animalia
858 1837 972 1908 ferinas
999 1864 1061 1908 non
1081 1837 1272 1908 sustinerent

415 1967 549 2064 injurias.
602 1969 647 2036 lta
683 1980 714 2037 et
749 1992 826 2063 ego,
858 1967 1046 2038 dilectissimi
1075 1967 1147 2052 filii,
1181 1967 1271 2038 vobis

415 2099 503 2171 lactis
515 2099 614 2197 poetis
631 2099 797 2198 prescripsi
815 2099 976 2198 poetriam,
997 2100 1057 2170 vile
1069 2099 1210 2197 judicans
1225 2098 1272 2169 eis

415 2258 466 2304 me
491 2226 631 2331 occupari
652 2232 760 2304 studiis
785 2233 897 2332 quibus
918 2247 1034 2304 vestrae
1055 2231 1272 2304 adolescentiae

415 2364 549 2437 indolem
568 2365 709 2437 exerceri
729 2365 885 2465 praecipio.
939 2365 1070 2438 Scribitc
1091 2366 1183 2462 igitur
1199 2363 1271 2435 mihi

414 2498 545 2594 poetice,
565 2497 696 2595 figurate
709 2525 831 2585 versus,
853 2499 1027 2598 componite
1045 2499 1132 2583 odas,
1151 2497 1271 2597 psallite

415 2630 582 2716 rhithmoS,
606 2645 638 2703 ct
659 2632 796 2703 omnium
815 2657 932 2729 genere
954 2659 1112 2704 musarum
1131 2645 1272 2702 vestrum

414 2761 567 2833 delectato
597 2787 717 2832 senem.
770 2763 839 2857 Ego
866 2761 1015 2860 deinceps
1043 2762 1159 2833 arbiter
1186 2760 1268 2832 resi-

414 2891 506 2977 debo,
533 2906 565 2963 et
582 2905 687 2964 vestra
708 2891 875 2964 discutiens
895 2907 1050 2991 poemata,
1074 2893 1182 2964 victori
1199 2892 1271 2990 pal-

414 3051 507 3109 mam,
529 3026 699 3122 neglecturi
717 3027 900 3124 praeparaho
920 3027 1119 3124 punitionem.
1173 3026 1271 3096 Venio

414 3155 538 3227 domum
565 3157 604 3228 ab
631 3157 696 3228 aliis
715 3158 900 3242 necessaria,
924 3185 940 3228 a
964 3159 1053 3229 vobis
1077 3157 1271 3254 singulariter

413 3301 554 3384 poemata
572 3304 766 3388 recepturus.

487 3589 688 3660 EPISTOLA
706 3592 1006 3662 XLVlll.—Au.
1064 3651 1068 3660 .
1125 3651 1130 3659 .
1187 3651 1192 3660 .

463 3824 593 3893 Turmas
610 3838 820 3895 armentorum
839 3839 871 3894 ct
885 3825 1020 3895 lerarum
1037 3825 1173 3896 omnium
1193 3851 1273 3920 gre-

415 3981 471 4050 ges
489 3955 587 4025 lertur
604 3955 747 4026 habuisse
767 3957 861 4027 Jacob
884 3983 954 4026 cum
973 3969 1186 4027 reverteretur
1206 3957 1275 4026 Me-
