<?xml version="1.0" encoding="UTF-8"?>
<!DOCTYPE html PUBLIC "-//W3C//DTD XHTML 1.0 Transitional//EN"
    "http://www.w3.org/TR/xhtml1/DTD/xhtml1-transitional.dtd">
<html xmlns="http://www.w3.org/1999/xhtml" xml:lang="en" lang="en">
 <head>
  <title>
</title>
<meta http-equiv="Content-Type" content="text/html;charset=utf-8" />
  <meta name='ocr-system' content='tesseract 3.04.00' />
  <meta name='ocr-capabilities' content='ocr_page ocr_carea ocr_par ocr_line ocrx_word'/>
</head>
<body>
  <div class='ocr_page' id='page_1' title='image "./epistolaeherber00ethegoog_0252.png"; bbox 0 0 3038 5036; ppageno 0'>
   <div class='ocr_carea' id='block_1_1' title="bbox 352 747 1100 818">
    <p class='ocr_par' dir='ltr' id='par_1_1' title="bbox 352 747 1100 818">
     <span class='ocr_line' id='line_1_1' title="bbox 352 747 1100 818; baseline -0.005 0"><span class='ocrx_word' id='word_1_1' title='bbox 352 772 454 818; x_wconf 67' lang='lat' dir='ltr'><strong>rudunt</strong></span> <span class='ocrx_word' id='word_1_2' title='bbox 471 770 577 816; x_wconf 78' lang='lat' dir='ltr'><strong>Puronts</strong></span> <span class='ocrx_word' id='word_1_3' title='bbox 595 769 810 816; x_wconf 64' lang='lat' dir='ltr'>CANTUAROENSffi</span> <span class='ocrx_word' id='word_1_4' title='bbox 828 769 974 815; x_wconf 80' lang='lat' dir='ltr'><strong>El’lSTOLAE.</strong></span> <span class='ocrx_word' id='word_1_5' title='bbox 1029 747 1100 817; x_wconf 67' lang='lat'><strong>220</strong></span> 
     </span>
    </p>
   </div>
   <div class='ocr_carea' id='block_1_2' title="bbox 241 930 1103 1148">
    <p class='ocr_par' dir='ltr' id='par_1_2' title="bbox 241 930 1103 1148">
     <span class='ocr_line' id='line_1_2' title="bbox 241 930 1103 1028; baseline 0 -28"><span class='ocrx_word' id='word_1_6' title='bbox 241 955 298 1000; x_wconf 90' lang='lat' dir='ltr'><strong>nes</strong></span> <span class='ocrx_word' id='word_1_7' title='bbox 322 930 453 1002; x_wconf 82' lang='lat' dir='ltr'><strong>firmiter</strong></span> <span class='ocrx_word' id='word_1_8' title='bbox 477 931 600 1002; x_wconf 88' lang='lat' dir='ltr'><strong>habete.</strong></span> <span class='ocrx_word' id='word_1_9' title='bbox 655 933 720 1002; x_wconf 87' lang='lat' dir='ltr'><strong>Hae</strong></span> <span class='ocrx_word' id='word_1_10' title='bbox 742 931 834 1027; x_wconf 81' lang='lat' dir='ltr'><strong>agite,</strong></span> <span class='ocrx_word' id='word_1_11' title='bbox 862 945 893 1002; x_wconf 89' lang='lat' dir='ltr'><strong>et</strong></span> <span class='ocrx_word' id='word_1_12' title='bbox 915 933 1001 1001; x_wconf 90' lang='lat' dir='ltr'><strong>Deus</strong></span> <span class='ocrx_word' id='word_1_13' title='bbox 1020 931 1103 1028; x_wconf 79' lang='lat' dir='ltr'><strong>pacis</strong></span> 
     </span>
     <span class='ocr_line' id='line_1_3' title="bbox 243 1061 831 1148; baseline 0.003 -16"><span class='ocrx_word' id='word_1_14' title='bbox 243 1061 301 1133; x_wconf 86' lang='lat' dir='ltr'><strong>erit</strong></span> <span class='ocrx_word' id='word_1_15' title='bbox 317 1062 486 1134; x_wconf 86' lang='lat' dir='ltr'><strong>vobiscum.</strong></span> <span class='ocrx_word' id='word_1_16' title='bbox 537 1063 624 1148; x_wconf 83' lang='lat' dir='ltr'>Vale,</span> <span class='ocrx_word' id='word_1_17' title='bbox 644 1061 831 1134; x_wconf 84' lang='lat' dir='ltr'><strong>dulcissime.</strong></span> 
     </span>
    </p>
   </div>
   <div class='ocr_carea' id='block_1_3' title="bbox 198 1367 1106 2009">
    <p class='ocr_par' dir='ltr' id='par_1_3' title="bbox 392 1367 954 1438">
     <span class='ocr_line' id='line_1_4' title="bbox 392 1367 954 1438; baseline 0 -2"><span class='ocrx_word' id='word_1_18' title='bbox 392 1367 592 1437; x_wconf 86' lang='lat' dir='ltr'>EPISTOLA</span> <span class='ocrx_word' id='word_1_19' title='bbox 613 1368 667 1436; x_wconf 89' lang='lat' dir='ltr'><strong>Xl.</strong></span> <span class='ocrx_word' id='word_1_20' title='bbox 687 1367 799 1438; x_wconf 88' lang='lat' dir='ltr'><strong>—Ao</strong></span> <span class='ocrx_word' id='word_1_21' title='bbox 817 1368 954 1437; x_wconf 72' lang='lat' dir='ltr'><strong>Arinen.</strong></span> 
     </span>
    </p>

    <p class='ocr_par' dir='ltr' id='par_1_4' title="bbox 198 1512 1106 2009">
     <span class='ocr_line' id='line_1_5' title="bbox 198 1512 1103 1610; baseline 0.001 -27"><span class='ocrx_word' id='word_1_22' title='bbox 198 1599 201 1604; x_wconf 20' lang='grc' dir='ltr'><strong><em>Ι</em></strong></span> <span class='ocrx_word' id='word_1_23' title='bbox 244 1514 422 1584; x_wconf 72' lang='lat' dir='ltr'><strong>Dilectum</strong></span> <span class='ocrx_word' id='word_1_24' title='bbox 443 1513 569 1584; x_wconf 74' lang='lat' dir='ltr'><strong>Christo</strong></span> <span class='ocrx_word' id='word_1_25' title='bbox 585 1516 685 1585; x_wconf 83' lang='lat' dir='ltr'><strong>sorori</strong></span> <span class='ocrx_word' id='word_1_26' title='bbox 701 1516 815 1584; x_wconf 69' lang='lat' dir='ltr'><strong>Avitta</strong></span> <span class='ocrx_word' id='word_1_27' title='bbox 832 1512 931 1610; x_wconf 71' lang='lat' dir='ltr'><strong>frater</strong></span> <span class='ocrx_word' id='word_1_28' title='bbox 943 1514 1103 1592; x_wconf 77' lang='lat' dir='ltr'><strong>Elmeuus,</strong></span> 
     </span>
     <span class='ocr_line' id='line_1_6' title="bbox 292 1647 1106 1744; baseline 0 -28"><span class='ocrx_word' id='word_1_29' title='bbox 292 1660 450 1716; x_wconf 67' lang='lat' dir='ltr'><strong>obtuentur</strong></span> <span class='ocrx_word' id='word_1_30' title='bbox 470 1648 610 1716; x_wconf 80' lang='lat' dir='ltr'><strong>omnium</strong></span> <span class='ocrx_word' id='word_1_31' title='bbox 627 1648 801 1716; x_wconf 67' lang='lat' dir='ltr'><strong>laurentium</strong></span> <span class='ocrx_word' id='word_1_32' title='bbox 819 1647 930 1727; x_wconf 83' lang='lat' dir='ltr'><strong>Deum,</strong></span> <span class='ocrx_word' id='word_1_33' title='bbox 949 1661 1106 1744; x_wconf 78' lang='lat' dir='ltr'><strong>temporu-</strong></span> 
     </span>
     <span class='ocr_line' id='line_1_7' title="bbox 296 1749 1105 1876; baseline 0.004 -29"><span class='ocrx_word' id='word_1_34' title='bbox 296 1779 461 1849; x_wconf 83' lang='lat' dir='ltr'><strong>lemvitum</strong></span> <span class='ocrx_word' id='word_1_35' title='bbox 468 1779 601 1876; x_wconf 63' lang='lat' dir='ltr'><strong>perfecte</strong></span> <span class='ocrx_word' id='word_1_36' title='bbox 615 1779 777 1850; x_wconf 76' lang='lat' dir='ltr'><strong>Christum</strong></span> <span class='ocrx_word' id='word_1_37' title='bbox 786 1779 989 1851; x_wconf 79' lang='lat' dir='ltr'><strong>desiderando</strong></span> <span class='ocrx_word' id='word_1_38' title='bbox 999 1749 1105 1851; x_wconf 83' lang='lat' dir='ltr'><strong>truns-</strong></span> 
     </span>
     <span class='ocr_line' id='line_1_8' title="bbox 293 1912 1102 2009; baseline 0.004 -30"><span class='ocrx_word' id='word_1_39' title='bbox 293 1912 348 1988; x_wconf 79' lang='lat' dir='ltr'><strong>lre,</strong></span> <span class='ocrx_word' id='word_1_40' title='bbox 367 1924 396 1979; x_wconf 85' lang='lat' dir='ltr'><strong>et</strong></span> <span class='ocrx_word' id='word_1_41' title='bbox 415 1924 564 1980; x_wconf 76' lang='lat' dir='ltr'><strong>aeteruum</strong></span> <span class='ocrx_word' id='word_1_42' title='bbox 588 1913 695 1994; x_wconf 77' lang='lat' dir='ltr'><strong>nitore,</strong></span> <span class='ocrx_word' id='word_1_43' title='bbox 714 1939 784 2008; x_wconf 84' lang='lat' dir='ltr'><strong>quae</strong></span> <span class='ocrx_word' id='word_1_44' title='bbox 800 1914 870 2009; x_wconf 75' lang='lat' dir='ltr'><strong>ipsu</strong></span> <span class='ocrx_word' id='word_1_45' title='bbox 887 1929 932 1983; x_wconf 84' lang='lat' dir='ltr'><strong>est</strong></span> <span class='ocrx_word' id='word_1_46' title='bbox 947 1914 1013 1983; x_wconf 81' lang='lat' dir='ltr'><strong>sino</strong></span> <span class='ocrx_word' id='word_1_47' title='bbox 1032 1913 1102 2008; x_wconf 78' lang='lat' dir='ltr'><strong>fine,</strong></span> 
     </span>
    </p>
   </div>
   <div class='ocr_carea' id='block_1_4' title="bbox 291 2042 636 2140">
    <p class='ocr_par' dir='ltr' id='par_1_5' title="bbox 291 2042 636 2140">
     <span class='ocr_line' id='line_1_9' title="bbox 291 2042 636 2140; baseline 0 -28"><span class='ocrx_word' id='word_1_48' title='bbox 291 2042 454 2139; x_wconf 73' lang='lat' dir='ltr'><strong>qoudendo</strong></span> <span class='ocrx_word' id='word_1_49' title='bbox 469 2043 636 2140; x_wconf 83' lang='lat' dir='ltr'><strong>possidere.</strong></span> 
     </span>
    </p>
   </div>
   <div class='ocr_carea' id='block_1_5' title="bbox 246 2259 1109 2884">
    <p class='ocr_par' dir='ltr' id='par_1_6' title="bbox 246 2259 1109 2884">
     <span class='ocr_line' id='line_1_10' title="bbox 295 2259 1107 2334; baseline 0.005 -5"><span class='ocrx_word' id='word_1_50' title='bbox 295 2263 341 2331; x_wconf 89' lang='lat' dir='ltr'><strong>De</strong></span> <span class='ocrx_word' id='word_1_51' title='bbox 355 2259 435 2332; x_wconf 81' lang='lat' dir='ltr'><strong>dulei</strong></span> <span class='ocrx_word' id='word_1_52' title='bbox 450 2261 687 2332; x_wconf 85' lang='lat' dir='ltr'><strong>conversatione</strong></span> <span class='ocrx_word' id='word_1_53' title='bbox 709 2277 759 2333; x_wconf 91' lang='lat' dir='ltr'><strong>tua</strong></span> <span class='ocrx_word' id='word_1_54' title='bbox 778 2277 810 2332; x_wconf 88' lang='lat' dir='ltr'><strong>et</strong></span> <span class='ocrx_word' id='word_1_55' title='bbox 827 2262 983 2332; x_wconf 87' lang='lat' dir='ltr'><strong>desiderio</strong></span> <span class='ocrx_word' id='word_1_56' title='bbox 1004 2261 1107 2334; x_wconf 89' lang='lat' dir='ltr'><strong>cordis</strong></span> 
     </span>
     <span class='ocr_line' id='line_1_11' title="bbox 247 2390 1108 2490; baseline 0.001 -29"><span class='ocrx_word' id='word_1_57' title='bbox 247 2391 301 2475; x_wconf 75' lang='lat' dir='ltr'><strong>tui,</strong></span> <span class='ocrx_word' id='word_1_58' title='bbox 319 2390 402 2490; x_wconf 92' lang='lat' dir='ltr'><strong>quod</strong></span> <span class='ocrx_word' id='word_1_59' title='bbox 416 2391 445 2462; x_wconf 92' lang='lat' dir='ltr'><strong>in</strong></span> <span class='ocrx_word' id='word_1_60' title='bbox 462 2417 602 2462; x_wconf 93' lang='lat' dir='ltr'><strong>amorem</strong></span> <span class='ocrx_word' id='word_1_61' title='bbox 616 2391 728 2462; x_wconf 84' lang='lat' dir='ltr'><strong>Christi</strong></span> <span class='ocrx_word' id='word_1_62' title='bbox 743 2392 875 2490; x_wconf 80' lang='lat' dir='ltr'><strong>Spiritus</strong></span> <span class='ocrx_word' id='word_1_63' title='bbox 889 2394 993 2464; x_wconf 86' lang='lat' dir='ltr'><strong>Sancti</strong></span> <span class='ocrx_word' id='word_1_64' title='bbox 1012 2393 1108 2488; x_wconf 81' lang='lat' dir='ltr'><strong>gratia</strong></span> 
     </span>
     <span class='ocr_line' id='line_1_12' title="bbox 248 2524 1109 2621; baseline -0.001 -26"><span class='ocrx_word' id='word_1_65' title='bbox 248 2524 412 2620; x_wconf 78' lang='lat' dir='ltr'><strong>dignanter</strong></span> <span class='ocrx_word' id='word_1_66' title='bbox 431 2524 587 2609; x_wconf 83' lang='lat' dir='ltr'><strong>excitavit,</strong></span> <span class='ocrx_word' id='word_1_67' title='bbox 606 2525 792 2596; x_wconf 81' lang='lat' dir='ltr'><strong>venerabilis</strong></span> <span class='ocrx_word' id='word_1_68' title='bbox 810 2526 983 2621; x_wconf 81' lang='lat' dir='ltr'><strong>negotiator</strong></span> <span class='ocrx_word' id='word_1_69' title='bbox 1000 2540 1032 2596; x_wconf 88' lang='lat' dir='ltr'><strong>et</strong></span> <span class='ocrx_word' id='word_1_70' title='bbox 1047 2524 1109 2596; x_wconf 86' lang='lat' dir='ltr'><strong>dr-</strong></span> 
     </span>
     <span class='ocr_line' id='line_1_13' title="bbox 247 2656 1107 2752; baseline 0 -26"><span class='ocrx_word' id='word_1_71' title='bbox 247 2668 337 2728; x_wconf 88' lang='lat' dir='ltr'><strong>votus</strong></span> <span class='ocrx_word' id='word_1_72' title='bbox 366 2656 512 2752; x_wconf 80' lang='lat' dir='ltr'><strong>religiose</strong></span> <span class='ocrx_word' id='word_1_73' title='bbox 539 2656 707 2726; x_wconf 88' lang='lat' dir='ltr'><strong>viventium</strong></span> <span class='ocrx_word' id='word_1_74' title='bbox 735 2656 852 2728; x_wconf 83' lang='lat' dir='ltr'><strong>amicus</strong></span> <span class='ocrx_word' id='word_1_75' title='bbox 874 2656 1010 2752; x_wconf 82' lang='lat' dir='ltr'><strong>Algarus</strong></span> <span class='ocrx_word' id='word_1_76' title='bbox 1034 2656 1107 2727; x_wconf 90' lang='lat' dir='ltr'><strong>mihi</strong></span> 
     </span>
     <span class='ocr_line' id='line_1_14' title="bbox 246 2787 1108 2884; baseline -0.001 -25"><span class='ocrx_word' id='word_1_77' title='bbox 246 2787 411 2884; x_wconf 80' lang='lat' dir='ltr'><strong>diligenter</strong></span> <span class='ocrx_word' id='word_1_78' title='bbox 423 2787 588 2872; x_wconf 65' lang='lat' dir='ltr'><strong>narrando</strong></span> <span class='ocrx_word' id='word_1_79' title='bbox 605 2787 736 2858; x_wconf 85' lang='lat' dir='ltr'><strong>animam</strong></span> <span class='ocrx_word' id='word_1_80' title='bbox 755 2813 857 2858; x_wconf 91' lang='lat' dir='ltr'><strong>meam</strong></span> <span class='ocrx_word' id='word_1_81' title='bbox 870 2788 961 2860; x_wconf 89' lang='lat' dir='ltr'><strong>valde</strong></span> <span class='ocrx_word' id='word_1_82' title='bbox 973 2787 1108 2860; x_wconf 84' lang='lat' dir='ltr'><strong>laetiliea-</strong></span> 
     </span>
    </p>
   </div>
   <div class='ocr_carea' id='block_1_6' title="bbox 248 2920 1103 3016">
    <p class='ocr_par' dir='ltr' id='par_1_7' title="bbox 248 2920 1103 3016">
     <span class='ocr_line' id='line_1_15' title="bbox 248 2920 1103 3016; baseline -0.001 -26"><span class='ocrx_word' id='word_1_83' title='bbox 248 2920 291 2990; x_wconf 89' lang='lat' dir='ltr'><strong>vit</strong></span> <span class='ocrx_word' id='word_1_84' title='bbox 296 2979 615 2990; x_wconf 89' lang='grc'><strong>......</strong></span> <span class='ocrx_word' id='word_1_85' title='bbox 670 2923 761 2991; x_wconf 89' lang='lat' dir='ltr'><strong>Nunc</strong></span> <span class='ocrx_word' id='word_1_86' title='bbox 783 2945 877 3016; x_wconf 83' lang='lat' dir='ltr'><strong>ergo,</strong></span> <span class='ocrx_word' id='word_1_87' title='bbox 902 2947 973 2992; x_wconf 88' lang='lat' dir='ltr'><strong>cara</strong></span> <span class='ocrx_word' id='word_1_88' title='bbox 998 2946 1103 3001; x_wconf 71' lang='lat' dir='ltr'><strong>soror,</strong></span> 
     </span>
    </p>
   </div>
   <div class='ocr_carea' id='block_1_7' title="bbox 247 3051 1107 3155">
    <p class='ocr_par' dir='ltr' id='par_1_8' title="bbox 247 3051 1107 3155">
     <span class='ocr_line' id='line_1_16' title="bbox 247 3051 1107 3155; baseline 0.002 -33"><span class='ocrx_word' id='word_1_89' title='bbox 247 3051 318 3124; x_wconf 87' lang='lat' dir='ltr'><strong>licet</strong></span> <span class='ocrx_word' id='word_1_90' title='bbox 340 3079 495 3155; x_wconf 85' lang='lat' dir='ltr'><strong>nunqnam</strong></span> <span class='ocrx_word' id='word_1_91' title='bbox 523 3055 632 3126; x_wconf 82' lang='lat' dir='ltr'><strong>faciem</strong></span> <span class='ocrx_word' id='word_1_92' title='bbox 653 3069 736 3126; x_wconf 91' lang='lat' dir='ltr'><strong>tuam</strong></span> <span class='ocrx_word' id='word_1_93' title='bbox 758 3054 899 3138; x_wconf 80' lang='lat' dir='ltr'><strong>viderim,</strong></span> <span class='ocrx_word' id='word_1_94' title='bbox 925 3079 985 3126; x_wconf 83' lang='lat' dir='ltr'><strong>nee</strong></span> <span class='ocrx_word' id='word_1_95' title='bbox 1007 3055 1107 3124; x_wconf 93' lang='lat' dir='ltr'><strong>mein</strong></span> 
     </span>
    </p>
   </div>
   <div class='ocr_carea' id='block_1_8' title="bbox 246 3185 1110 3813">
    <p class='ocr_par' dir='ltr' id='par_1_9' title="bbox 246 3185 1110 3813">
     <span class='ocr_line' id='line_1_17' title="bbox 247 3185 1108 3287; baseline 0 -31"><span class='ocrx_word' id='word_1_96' title='bbox 247 3185 304 3257; x_wconf 88' lang='lat' dir='ltr'><strong>bae</strong></span> <span class='ocrx_word' id='word_1_97' title='bbox 326 3187 388 3257; x_wconf 91' lang='lat' dir='ltr'><strong>vita</strong></span> <span class='ocrx_word' id='word_1_98' title='bbox 413 3187 550 3259; x_wconf 89' lang='lat' dir='ltr'><strong>visurum</strong></span> <span class='ocrx_word' id='word_1_99' title='bbox 571 3213 710 3287; x_wconf 85' lang='lat' dir='ltr'><strong>sperem,</strong></span> <span class='ocrx_word' id='word_1_100' title='bbox 736 3188 849 3287; x_wconf 90' lang='lat' dir='ltr'><strong>aliquid</strong></span> <span class='ocrx_word' id='word_1_101' title='bbox 867 3188 950 3286; x_wconf 87' lang='lat' dir='ltr'><strong>quod</strong></span> <span class='ocrx_word' id='word_1_102' title='bbox 970 3202 1108 3258; x_wconf 88' lang='lat' dir='ltr'><strong>sanctam</strong></span> 
     </span>
     <span class='ocr_line' id='line_1_18' title="bbox 246 3318 1110 3418; baseline 0.001 -30"><span class='ocrx_word' id='word_1_103' title='bbox 246 3318 380 3388; x_wconf 87' lang='lat' dir='ltr'><strong>animam</strong></span> <span class='ocrx_word' id='word_1_104' title='bbox 389 3332 473 3390; x_wconf 90' lang='lat' dir='ltr'><strong>tuam</strong></span> <span class='ocrx_word' id='word_1_105' title='bbox 487 3320 516 3390; x_wconf 94' lang='lat' dir='ltr'><strong>in</strong></span> <span class='ocrx_word' id='word_1_106' title='bbox 528 3320 688 3418; x_wconf 88' lang='lat' dir='ltr'><strong>proposito</strong></span> <span class='ocrx_word' id='word_1_107' title='bbox 701 3320 855 3416; x_wconf 79' lang='lat' dir='ltr'><strong>religiosae</strong></span> <span class='ocrx_word' id='word_1_108' title='bbox 864 3319 1110 3392; x_wconf 89' lang='lat' dir='ltr'><strong>conversationis</strong></span> 
     </span>
     <span class='ocr_line' id='line_1_19' title="bbox 249 3449 1108 3550; baseline 0.002 -30"><span class='ocrx_word' id='word_1_109' title='bbox 249 3449 382 3533; x_wconf 83' lang='lat' dir='ltr'><strong>edificet,</strong></span> <span class='ocrx_word' id='word_1_110' title='bbox 398 3465 489 3548; x_wconf 85' lang='lat' dir='ltr'><strong>prout</strong></span> <span class='ocrx_word' id='word_1_111' title='bbox 506 3465 786 3549; x_wconf 85' lang='lat' dir='ltr'><strong>supermemorato</strong></span> <span class='ocrx_word' id='word_1_112' title='bbox 803 3452 925 3522; x_wconf 81' lang='lat' dir='ltr'><strong>amabili</strong></span> <span class='ocrx_word' id='word_1_113' title='bbox 941 3452 1009 3522; x_wconf 94' lang='lat' dir='ltr'><strong>viro</strong></span> <span class='ocrx_word' id='word_1_114' title='bbox 1027 3477 1108 3550; x_wconf 89' lang='lat' dir='ltr'><strong>pro-</strong></span> 
     </span>
     <span class='ocr_line' id='line_1_20' title="bbox 248 3581 1108 3682; baseline 0 -30"><span class='ocrx_word' id='word_1_115' title='bbox 248 3582 336 3666; x_wconf 79' lang='lat' dir='ltr'><strong>misi,</strong></span> <span class='ocrx_word' id='word_1_116' title='bbox 367 3583 506 3654; x_wconf 87' lang='lat' dir='ltr'><strong>scribere</strong></span> <span class='ocrx_word' id='word_1_117' title='bbox 538 3584 658 3666; x_wconf 87' lang='lat' dir='ltr'><strong>uuravi;</strong></span> <span class='ocrx_word' id='word_1_118' title='bbox 691 3609 753 3653; x_wconf 93' lang='lat' dir='ltr'><strong>non</strong></span> <span class='ocrx_word' id='word_1_119' title='bbox 779 3581 852 3682; x_wconf 88' lang='lat' dir='ltr'><strong>quid</strong></span> <span class='ocrx_word' id='word_1_120' title='bbox 880 3584 959 3654; x_wconf 89' lang='lat' dir='ltr'><strong>meis</strong></span> <span class='ocrx_word' id='word_1_121' title='bbox 985 3582 1108 3680; x_wconf 82' lang='lat' dir='ltr'><strong>seriptis</strong></span> 
     </span>
     <span class='ocr_line' id='line_1_21' title="bbox 249 3711 1107 3813; baseline 0.002 -31"><span class='ocrx_word' id='word_1_122' title='bbox 249 3735 355 3809; x_wconf 72' lang='lat' dir='ltr'><strong>egeas&#39;,</strong></span> <span class='ocrx_word' id='word_1_123' title='bbox 375 3739 445 3812; x_wconf 84' lang='lat' dir='ltr'><strong>quae</strong></span> <span class='ocrx_word' id='word_1_124' title='bbox 466 3713 506 3785; x_wconf 92' lang='lat' dir='ltr'><strong>de</strong></span> <span class='ocrx_word' id='word_1_125' title='bbox 525 3729 702 3785; x_wconf 85' lang='lat' dir='ltr'><strong>sanctorum</strong></span> <span class='ocrx_word' id='word_1_126' title='bbox 719 3729 841 3813; x_wconf 85' lang='lat' dir='ltr'><strong>patrum</strong></span> <span class='ocrx_word' id='word_1_127' title='bbox 858 3715 993 3786; x_wconf 90' lang='lat' dir='ltr'><strong>lontibus</strong></span> <span class='ocrx_word' id='word_1_128' title='bbox 1011 3711 1107 3813; x_wconf 88' lang='lat' dir='ltr'><strong>spiri—</strong></span> 
     </span>
    </p>
   </div>
   <div class='ocr_carea' id='block_1_9' title="bbox 249 3847 1102 3948">
    <p class='ocr_par' dir='ltr' id='par_1_10' title="bbox 249 3847 1102 3948">
     <span class='ocr_line' id='line_1_22' title="bbox 249 3847 1102 3948; baseline -0.002 -31"><span class='ocrx_word' id='word_1_129' title='bbox 249 3848 362 3918; x_wconf 89' lang='lat' dir='ltr'><strong>tualem</strong></span> <span class='ocrx_word' id='word_1_130' title='bbox 379 3847 550 3919; x_wconf 83' lang='lat' dir='ltr'><strong>doctrinam</strong></span> <span class='ocrx_word' id='word_1_131' title='bbox 568 3847 760 3920; x_wconf 82' lang='lat' dir='ltr'><strong>sufficienler</strong></span> <span class='ocrx_word' id='word_1_132' title='bbox 777 3849 886 3920; x_wconf 90' lang='lat' dir='ltr'><strong>bibere</strong></span> <span class='ocrx_word' id='word_1_133' title='bbox 905 3865 995 3948; x_wconf 80' lang='lat' dir='ltr'><strong>potes</strong></span> <span class='ocrx_word' id='word_1_134' title='bbox 1036 3907 1041 3917; x_wconf 94' lang='lat'><strong>.</strong></span> <span class='ocrx_word' id='word_1_135' title='bbox 1098 3907 1102 3915; x_wconf 93' lang='lat'>.</span> 
     </span>
    </p>
   </div>
   <div class='ocr_carea' id='block_1_10' title="bbox 0 0 1533 5036">
    <p class='ocr_par' dir='ltr' id='par_1_11' title="bbox 0 0 1533 5036">
     <span class='ocr_line' id='line_1_23' title="bbox 0 0 1533 5036; baseline 0 0"><span class='ocrx_word' id='word_1_136' title='bbox 0 0 1533 5036; x_wconf 95' lang='lat' dir='ltr'><strong> </strong></span> 
     </span>
    </p>
   </div>
  </div>
 </body>
</html>
