3012 5040
445 733 870 780 urrsrotuuuuunnrrnosiuon.
1022 713 1082 778 llll

227 888 266 956 in
289 913 338 958 me
365 890 492 984 gratiam
520 904 750 978 conservasset,
776 905 928 961 tantarum
952 906 1092 988 poteram
1146 980 1150 988 ι

228 1019 358 1089 laudum
388 1021 550 1117 praeconiis
582 1023 755 1119 superbire.
814 1023 992 1094 Delectatus
1024 1049 1093 1093 sum

232 1175 457 1248 usquequaque
469 1152 500 1221 in
513 1149 660 1222 orationis
677 1167 738 1223 tuae
752 1152 879 1237 deliciiS,
896 1167 927 1223 et
938 1153 1005 1251 quia
1019 1153 1095 1224 cibis

234 1281 461 1366 abstinueram,
491 1298 613 1355 tuorum
638 1297 705 1354 sum
734 1284 924 1354 confortatus
951 1285 1095 1355 alimento

236 1415 417 1486 verborum.
471 1415 651 1486 Admiratus
672 1443 741 1486 sum
764 1416 874 1486 litteris
897 1416 957 1486 tuis
980 1416 1096 1487 nullum

238 1571 340 1641 genus
358 1546 535 1644 nullumque
553 1547 679 1617 modum
697 1547 809 1617 deesse
826 1547 959 1631 dicendi,
979 1547 1009 1616 in
1026 1547 1098 1644 qui-

239 1680 301 1749 bus
314 1679 417 1776 utique
431 1679 586 1777 pinguedo
600 1681 771 1751 resultatio
786 1680 924 1763 lloribus,
941 1692 973 1749 et
987 1705 1098 1750 sensus

239 1811 351 1906 longos
373 1811 478 1882 brevis
500 1811 637 1906 assignat
659 1810 841 1881 versiculus.
895 1811 1016 1881 Gratias
1038 1809 1099 1906 igi-

241 1957 293 2013 tur
314 1945 391 2027 Deo,
409 1957 440 2014 et
463 1944 576 2038 gratias
598 1944 663 2028 tibi,
687 1945 773 2040 cujus
794 1943 867 2013 mihi
890 1943 985 2038 gratia
1007 1969 1099 2039 quam

242 2099 283 2142 ex
303 2075 381 2144 meis
400 2075 517 2144 meritis
540 2100 602 2144 non
626 2073 789 2158 habebam,
811 2074 950 2171 perpetui
974 2074 1100 2144 contulit

242 2206 375 2276 nominis
396 2205 587 2302 dignitatem.
641 2207 810 2304 lnscriptus
830 2233 899 2276 sum
928 2206 1015 2276 lactis
1042 2206 1101 2276 tuis

243 2352 389 2434 tanquam
404 2338 564 2408 annalibus
580 2339 806 2421 Romanorum3
830 2337 912 2434 quod
927 2339 991 2433 jam
1008 2363 1101 2434 super

245 2495 296 2540 me
312 2483 344 2540 et
357 2469 556 2567 plausibiliter
569 2469 758 2554 declamasti,
770 2496 885 2541 annosa
898 2496 1027 2567 prorsus
1040 2495 1100 2540 non

245 2601 358 2700 poterit
382 2601 508 2671 abolere
534 2615 690 2687 vetustas,
711 2602 815 2699 operis
833 2601 916 2672 enim
933 2602 975 2671 tui
998 2602 1101 2672 bene-

246 2731 315 2804 ficio
336 2733 517 2803 memoriale
544 2759 647 2804 meum
672 2733 701 2804 in
729 2733 842 2804 saecula
866 2733 1050 2830 prorogasti,
1070 2746 1104 2802 ut

247 2877 299 2934 tuo
317 2889 446 2936 munere
462 2864 690 2961 prerogativam
707 2864 804 2935 laudis
821 2864 976 2962 accipiam,
998 2863 1103 2962 quide

248 2995 326 3065 meis
342 2994 455 3065 nullam
477 2993 578 3066 habeo
596 2994 689 3064 titulis
707 2995 887 3066 claritatem.
939 2997 1104 3092 Nunquam

249 3152 319 3198 esse
332 3140 437 3224 potest
452 3128 604 3198 obscurus
621 3128 709 3222 cujus
726 3141 758 3197 tu
778 3127 931 3224 praeconia
952 3126 1106 3225 praediea-

248 3259 306 3330 bis.
360 3261 394 3329 ln
418 3259 524 3330 verbis
548 3259 623 3330 sane
643 3259 703 3329 tuis
725 3259 935 3358 philosophica
958 3274 1107 3332 resonant

249 3389 432 3474 rudimenta,
454 3403 485 3461 et
507 3405 637 3489 utraque
657 3391 752 3462 duum
776 3393 858 3463 scola
888 3393 1015 3463 canonis
1034 3419 1106 3490 ape-

249 3523 334 3594 ritur.
359 3555 370 3612 ⁴.
388 3525 433 3595 Tu
456 3524 537 3594 enim
562 3536 594 3593 et
615 3523 645 3592 in
663 3521 776 3593 Christi
793 3523 908 3593 curiam
930 3539 1104 3622 susceptus,

250 3667 282 3723 et
293 3653 435 3724 mamillis
453 3654 640 3750 evangelicis
658 3679 693 3723 es
710 3653 851 3736 lactatus,
878 3668 910 3724 et
932 3655 962 3724 in
982 3681 1107 3725 omnem

190 3859 203 3881 ⁸
250 3812 370 3856 morum
388 3800 420 3856 et
437 3785 508 3857 lidei
531 3787 713 3856 sanctitatim
731 3786 849 3856 coelesti
864 3813 942 3884 pane
962 3789 1103 3858 nutritus.

249 3917 397 3987 Amorem
426 3919 516 4012 igitur
539 3945 631 4015 quem
656 3919 794 4015 promisi,
822 3919 847 3988 si
871 3946 933 3989 non
955 3920 1105 4002 custodio,
