3050 5040
400 3664 408 3692 Ι

440 661 484 732 28
625 731 629 738 ,
649 683 786 728 EPISTOLAE
799 683 934 728 nunctum
949 683 1082 728 tosntoAE.

438 867 518 912 meo.
576 839 736 910 Videtisne
772 841 893 938 qualem
925 840 1081 910 lervorcm
1113 851 1145 908 et
1175 836 1296 934 qualem

438 973 670 1045 sollicitudinem
692 974 888 1072 omnipotens
909 987 939 1043 et
965 972 1182 1042 severissimus
1199 967 1295 1065 judex

436 1107 567 1203 exquirit
590 1106 726 1177 aservis
748 1105 831 1176 suis?
850 1105 1012 1176 damnatur
1027 1105 1076 1174 ille
1099 1100 1296 1197 evangelicus

437 1262 559 1321 servuS,
579 1263 641 1307 non
659 1236 729 1333 quia
748 1236 871 1306 Domini
895 1236 941 1308 sui
959 1236 1120 1334 pecuniam
1139 1230 1296 1331 perdidis-

436 1383 496 1451 set,
522 1368 578 1439 sed
600 1369 669 1466 quia
696 1394 764 1439 eam
790 1368 828 1439 ad
853 1368 989 1440 usuriam
1012 1395 1073 1438 non
1098 1367 1290 1438 collocasset.

435 1499 559 1584 Videte,
574 1499 698 1582 fratres,
714 1513 745 1569 et
759 1499 827 1570 viva
841 1499 996 1594 diligentia
1009 1499 1122 1569 vestris
1134 1521 1296 1568 commen-

436 1631 506 1702 date
522 1631 689 1715 memoriis,
711 1630 794 1728 quod
812 1634 899 1701 Deus
917 1631 1004 1702 lacile
1025 1631 1064 1701 de
1082 1629 1214 1728 propriis
1230 1653 1293 1696 non

434 1763 548 1860 patitur
568 1761 718 1845 fraudem,
747 1761 798 1859 qui
819 1775 901 1832 tanta
919 1762 1009 1832 animi
1024 1762 1206 1832 adversione
1220 1785 1294 1828 ser·
1317 1807 1322 1817 ·

435 1921 507 1966 vum
524 1894 610 1992 punit
625 1907 754 1991 propter
770 1921 833 1964 non
852 1895 1018 1965 exhibitam
1036 1895 1182 1965 usuriam.
1234 1891 1293 1960 Di-

434 2027 496 2120 ligo
512 2051 581 2109 vos
597 2038 628 2094 et
645 2024 685 2095 de
703 2025 844 2095 manibus
861 2026 1036 2096 severitatis
1053 2026 1164 2096 divinae
1182 2037 1292 2094 extra—

433 2159 509 2229 here
523 2157 632 2228 molior
648 2172 764 2228 vcstrae
781 2158 912 2255 pigritiae
925 2158 1109 2230 tarditatem.
1162 2154 1292 2226 Privatis

433 2289 721 2363 commonitionibus
744 2303 776 2359 et
799 2287 927 2386 publicis
952 2290 1134 2387 frequenter
1154 2301 1292 2358 vestram

434 2423 591 2496 sollicitavi
615 2421 825 2520 praesentiam
849 2434 882 2491 ut
902 2435 1017 2493 vestrae
1043 2421 1181 2494 ecclesiae
1205 2418 1291 2516 operi

433 2555 552 2628 fervide
570 2569 602 2627 et
618 2554 791 2650 vigilanter,
803 2554 959 2624 instaretis
970 2557 1048 2650 (sic),
1062 2569 1093 2624 et
1110 2581 1213 2625 coram
1225 2553 1289 2623 im—

433 2689 614 2759 mortalibus
632 2684 726 2756 divini
748 2685 873 2755 intuitus
893 2687 989 2757 oculis
1014 2687 1131 2758 solliciti
1153 2711 1289 2784 appare—

432 2821 518 2891 retis.
571 2818 748 2912 Rogabam,
776 2815 961 2902 suadebam,
991 2832 1023 2888 et
1043 2819 1158 2889 utinam
1182 2831 1289 2888 vestro

431 2949 598 3022 intellectui
620 2949 846 3047 persuasissem
865 2961 978 3046 quanta
995 2950 1126 3021 veritate
1146 2950 1290 3022 servien-

431 3083 505 3154 dum
528 3095 576 3153 est
593 3085 671 3152 Deo.
725 3083 865 3178 Languet
890 3109 983 3179 opus,
1006 3098 1037 3154 et
1058 3085 1088 3154 in
1107 3083 1289 3182 apparandis

431 3214 566 3285 materiis
579 3213 680 3284 nullus
692 3227 800 3285 vester
812 3229 938 3313 apparet
951 3216 1066 3287 servor.
1111 3219 1193 3287 Ecce
1207 3216 1290 3311 regis

432 3358 463 3416 et
484 3343 545 3414 mei
565 3344 695 3415 ministri
720 3345 844 3416 lervent
862 3345 894 3416 in
912 3347 1058 3444 operibus
1080 3347 1154 3432 suis,
1174 3347 1289 3446 lapides

430 3477 587 3572 colligunt,
611 3477 759 3548 collectos
784 3480 929 3563 allorum,
952 3507 1077 3578 campos
1103 3493 1135 3550 et
1160 3481 1286 3578 plateae,

430 3609 540 3681 domos
553 3622 584 3680 et
598 3611 698 3680 curias
711 3610 856 3709 implent3
877 3624 909 3682 et
925 3638 981 3682 vos
999 3613 1144 3711 torpetiS,
1166 3627 1197 3683 et
1211 3639 1289 3684 con—

429 3743 522 3814 certis
536 3742 638 3838 digitis
656 3743 779 3838 ingelati
797 3745 995 3841 negligentiae
1013 3747 1134 3831 bruma,
1156 3745 1207 3817 vili
1226 3746 1288 3816 otio

428 3875 558 3946 deficitis
569 3877 835 3973 praevaricatores.
854 3878 966 3949 Redite
980 3879 1092 3966 adcor,
1106 3879 1214 3973 erigite
1227 3905 1290 3949 ma-
