3050 5040
407 673 451 742 38
617 695 754 740 EPISTOLAE
767 695 901 740 utuntur}
914 695 1047 741 LOSlNGAE.

406 854 595 924 Wintoniam
605 861 725 952 patrem
739 855 878 952 sepelivi,
893 868 1037 925 recenter
1046 853 1125 952 apud
1136 851 1263 922 Lando-

406 985 487 1054 niam
501 985 716 1056 resuscitatum
734 984 847 1054 inveni.
881 985 1073 1078 Fragrabant
1087 983 1127 1054 tui
1141 981 1262 1079 hospitii

405 1117 537 1188 claustra
550 1117 684 1214 jucunda
701 1117 860 1201 charitate,
880 1132 912 1187 et
926 1117 1079 1187 stillabant
1095 1115 1261 1214 penetralia

407 1251 588 1320 exuberanti
606 1249 783 1332 dulcedine;
807 1249 836 1320 in
855 1237 1062 1347 susceptione,
1078 1249 1108 1318 in
1122 1275 1264 1319 commo—

406 1381 524 1450 ratione
545 1393 576 1450 et
595 1381 726 1450 maxime
746 1382 775 1450 in
795 1381 988 1475 egressione,
1009 1379 1155 1477 quidquid
1168 1378 1260 1448 exbi-

405 1513 538 1582 bebatur
559 1515 728 1611 apparebat
754 1529 927 1611 paternum.
954 1526 985 1582 et
1007 1512 1078 1583 nihil
1101 1512 1262 1583 videbatur

407 1646 616 1742 peregrinum.
680 1647 825 1716 Onerasti
852 1646 1027 1717 clitellarios
1053 1671 1141 1716 meos
1171 1645 1262 1715 tantis

407 1802 549 1846 escarum
566 1791 598 1846 et
614 1789 740 1873 potuum
759 1790 881 1847 tuorum
899 1777 1024 1860 deliciis,
1044 1790 1076 1846 ut
1094 1777 1261 1846 revertenti

407 1906 479 1977 mibi
494 1906 638 1977 sufficere
651 1907 825 2005 potuissent
842 1934 940 2006 usque
954 1908 991 1978 ad
1009 1907 1133 1978 domum
1148 1933 1257 1977 meam.

407 2042 465 2110 Hae
488 2052 559 2109 sunt
582 2053 643 2110 ture
660 2039 778 2134 gratiae,
799 2066 860 2110 nou
883 2041 960 2110 meis
982 2040 1111 2123 meritis
1132 2039 1188 2109 sed
1212 2052 1262 2109 tua

406 2172 563 2242 voluntate
576 2173 654 2242 meis
667 2172 843 2268 indigentiis
854 2175 982 2244 collatae.
1036 2177 1111 2258 HaS,
1126 2173 1259 2270 inquam,

408 2304 532 2398 gratias
563 2304 706 2402 quoniam
737 2304 790 2375 tibi
825 2305 999 2375 retribuere
1033 2332 1095 2374 non
1123 2332 1259 2402 possum,

406 2413 556 2506 retribuat
573 2435 627 2506 tibi
643 2435 793 2506 Dominus
816 2449 848 2506 et
868 2435 1010 2506 Salvator
1027 2451 1135 2506 noster
1151 2437 1263 2508 Chris-

408 2581 468 2651 tuS,
489 2568 540 2665 qui
563 2581 595 2638 et
616 2593 670 2639 cor
695 2581 780 2637 tuum
804 2594 860 2638 suo
883 2566 1084 2637 indulcoravit
1105 2567 1212 2666 spiritu
1232 2583 1263 2638 et

408 2726 510 2770 meam
522 2699 721 2796 indigentiam
735 2700 794 2771 tuis
808 2701 913 2796 gratiis
926 2701 1101 2770 consolatus
1115 2714 1176 2770 est.¹
1197 2702 1262 2771 Cae-

408 2847 510 2902 terum
523 2831 562 2902 de
576 2832 725 2930 palefrido
742 2845 795 2904 tuo
813 2833 863 2904 diu
877 2833 1008 2928 cogitavi
1028 2833 1099 2930 quid
1113 2833 1260 2914 lacerem,

409 2991 600 3063 sequererve
618 2967 659 3036 tui
674 2965 777 3038 co'rdis
793 2967 995 3050 voluntatem,
1011 2993 1049 3036 an
1063 2967 1104 3036 tui
1123 2967 1185 3036 oris
1194 2968 1265 3063 jus-

409 3099 551 3168 sionem?
570 3099 664 3170 corde
677 3100 760 3170 enim
775 3100 902 3170 volebas
913 3112 945 3168 ut
953 3099 1136 3196 palefridum
1147 3099 1265 3169 retine-

410 3257 489 3314 rem,
506 3256 560 3302 ore
571 3231 775 3328 praecipiebas
787 3245 820 3301 ut
834 3231 1038 3301 remitterem.
1067 3230 1264 3300 Dissimulato

409 3361 501 3458 igitur
522 3361 707 3433 transitoriae
726 3362 812 3432 vocis
830 3374 999 3460 praecepto,
1016 3361 1058 3431 tui
1074 3360 1177 3430 cordis
1194 3360 1264 3430 dis-

409 3470 507 3580 crevi,
527 3510 559 3566 et
575 3495 701 3577 decrevi
716 3495 847 3566 obedire
867 3495 1026 3565 voluntati.
1080 3495 1264 3564 Palelridum

410 3628 532 3715 retinui,
546 3655 639 3726 quem
654 3629 765 3700 reddet
779 3629 832 3700 tibi
845 3628 1041 3726 aequissimus
1053 3628 1150 3724 judex
1163 3628 1193 3698 in
1205 3627 1266 3698 llo-

410 3759 477 3830 rido
501 3788 622 3858 campo,
650 3761 679 3830 in
703 3761 809 3831 ultimo
832 3761 947 3857 jubileo
970 3759 1022 3831 ubi
1045 3759 1187 3830 omnibus
1212 3786 1266 3828 sua

410 3894 511 3963 omnia
529 3893 741 3964 restituentur.
