3038 5036
450 727 560 771 osuunn
578 727 612 772 nr
630 728 721 772 unitur
738 727 883 772 snsroun.
1025 706 1093 773 lssii

241 903 369 948 munere
386 883 540 978 receperit
558 881 753 954 beneficium.
809 882 1021 979 Uudecunque
1039 882 1095 953 sibi

240 1019 358 1082 tantum
371 1012 544 1096 advenerit,
561 1027 705 1112 tanquam
725 1016 889 1112 pretiosius
903 1041 978 1086 auro
993 1015 1097 1112 possi-

241 1138 335 1211 debat
346 1144 499 1240 praetium
512 1161 543 1218 et
552 1161 683 1241 argento
692 1147 813 1230 clariuS,
823 1147 918 1244 ipsius
929 1147 960 1217 in
971 1159 1097 1244 pectore

241 1271 382 1343 rutilabat
404 1276 628 1347 absconditum.
682 1281 857 1348 Removere
883 1278 1019 1348 nituntur
1042 1305 1099 1374 pa-

241 1419 338 1476 teram
352 1407 465 1479 lratres
482 1411 532 1507 qui
546 1411 684 1482 aderant.
702 1411 750 1481 vel
769 1412 837 1508 quia
852 1411 1007 1480 loeminam
1022 1436 1099 1507 pro-

241 1534 342 1604 bitatis
368 1564 424 1634 pro
451 1539 615 1610 devotione
645 1540 741 1610 sancti
769 1540 826 1609 viri
854 1539 932 1610 hanc
960 1539 1099 1610 sciebant

240 1665 380 1762 diligere,
401 1671 450 1739 vel
468 1671 537 1766 quia
551 1671 652 1740 miuus
664 1671 796 1767 pretium
810 1685 957 1768 quantum
969 1669 1007 1741 ad
1021 1671 1099 1741 sub-

240 1802 382 1872 stantiam
400 1805 582 1875 saecolarem
599 1805 735 1902 pertinet
747 1804 910 1876 videbatur
926 1805 1095 1875 continere.

239 1933 344 2002 Noluit
357 1933 487 2005 honesta
498 1936 608 2007 mulier
621 1935 758 2006 retinere
768 1935 927 2033 proprium
937 1935 1099 2032 quodcum

240 2089 356 2159 sponso
389 2080 594 2162 proposuerat
625 2066 705 2136 inter
740 2079 854 2136 caetera
888 2065 1096 2136 dividendum.

240 2193 361 2290 Aperte
387 2195 479 2266 etiam
503 2196 540 2266 iis
566 2195 736 2294 propalavit
762 2196 894 2294 alloquio
922 2197 1005 2294 quod
1031 2223 1101 2268 sors

240 2325 376 2398 deluncti
389 2329 446 2398 viri
459 2329 484 2398 si
498 2356 594 2427 super
608 2343 745 2427 pateram
758 2329 896 2412 caderet,
913 2344 1038 2399 centum
1050 2329 1100 2399 vel

242 2481 279 2527 eo
296 2459 424 2556 amplius
442 2460 547 2531 solidis
564 2461 643 2531 banc
658 2461 683 2530 si
697 2461 847 2556 juberent
865 2459 1021 2530 redimere
1038 2487 1100 2530 non

242 2590 386 2661 tardaret.
440 2593 528 2662 Tanti
545 2592 659 2662 amoris
674 2591 703 2660 in
715 2589 809 2660 corde
823 2590 959 2660 loemiuae
977 2603 1101 2661 sanctus

239 2722 385 2794 sacerdos
397 2725 520 2796 Domini
534 2724 704 2794 Anselmus
718 2722 878 2794 obtinebat
891 2721 1096 2804 dulcedinem,

240 2869 273 2924 ut
297 2855 326 2925 in
348 2855 460 2926 eodem
483 2882 557 2927 vase
583 2857 731 2954 probaret
758 2853 925 2925 efficaciter
948 2853 1101 2948 diligentis

241 2984 427 3058 firmitatem.
481 2989 560 3058 Tres
578 2986 809 3058 elamiliaribus
829 2984 904 3056 liunt
922 2999 1028 3082 partes
1042 3013 1101 3056 su-

241 3117 455 3214 pellectilibus,
472 3133 503 3190 et
513 3120 591 3191 calix
605 3120 635 3190 in
649 3120 686 3189 iis
697 3119 852 3191 celebrior
862 3118 1101 3189 caeterisnumc-

241 3263 335 3320 ratur.
389 3253 465 3322 Erat
481 3251 605 3350 quidam
623 3252 704 3322 inter
726 3251 855 3348 eosqui
878 3248 1041 3320 adstabant
1063 3275 1101 3320 ex

240 3382 461 3456 monachorum
484 3385 631 3456 societate
649 3385 757 3468 laicus,
776 3386 869 3479 Hogo
892 3381 931 3454 de
956 3383 1102 3478 Digniaco

242 3514 377 3600 nomine,
397 3518 448 3615 qui
472 3531 504 3588 et
528 3517 600 3588 mibi
623 3543 662 3588 ex
688 3516 856 3612 longinquo
878 3527 1019 3611 tempore
1043 3541 1101 3585 co-

240 3647 343 3741 gnitus
368 3663 399 3719 et
426 3649 455 3719 in
478 3651 561 3722 omni
587 3649 743 3748 probitate
770 3660 802 3716 et
826 3645 909 3717 fideli
934 3647 1061 3717 servitio
1087 3675 1103 3716 a

241 3777 343 3848 multis
357 3778 489 3850 fideliter
507 3795 555 3851 est
569 3794 729 3879 expertus.
785 3778 841 3848 Hic
859 3778 961 3848 beatae
978 3803 1103 3848 memo-

242 3908 295 3978 riae
312 3910 452 3996 Radullo,
466 3913 695 3984 Cantuariensis
709 3909 851 3982 eeclesiae
860 3909 1101 4006 archiepiscope,
