3012 5040
392 716 436 782 98
591 739 727 784 EPISTOLAE
740 737 873 782 nannum!
887 737 1019 782 LOSINGAE.

391 897 438 966 vis
455 895 557 978 archa,
582 895 638 966 sed
656 907 688 965 et
704 895 744 965 ibi
761 894 857 966 Cham
876 894 1004 989 magicae
1019 905 1051 962 et
1068 890 1247 961 idololatriae

389 1025 586 1097 conservavit
608 1038 703 1096 artes.
746 1005 849 1121 'Apud
873 1022 997 1094 Judaeos
1018 1021 1181 1094 crucifixus
1197 1034 1248 1090 est

389 1159 491 1238 Beue,
516 1170 662 1252 atquem
690 1155 730 1226 ab
753 1154 830 1226 orbe
857 1154 981 1225 condito
1006 1156 1091 1224 Deus
1115 1153 1243 1235 aluerat,

388 1289 414 1358 is
432 1287 501 1386 plus
518 1287 715 1386 persequitur
733 1289 833 1358 Deum
848 1311 905 1385 per
921 1287 1100 1358 universum
1120 1286 1240 1356 orbem.

386 1419 493 1492 Madet
514 1420 647 1492 mundus
672 1419 822 1516 sanguine
846 1434 1034 1519 martyrum,
1059 1432 1091 1489 et
1115 1431 1245 1516 aposta—

387 1566 488 1623 tarum
519 1552 672 1624 continuis
704 1551 970 1650 persecutionibus
995 1551 1109 1650 ubique
1140 1563 1244 1621 sancta

387 1683 506 1754 laborat
527 1681 668 1754 ecclesia.
721 1681 831 1753 Nullus
855 1681 999 1752 Sathanae
1022 1681 1121 1753 invius
1145 1682 1241 1753 locus.

388 1815 472 1888 Mille
487 1815 575 1887 annis
588 1814 706 1885 solutus
720 1827 769 1884 est
787 1813 949 1896 Sathanas,
969 1814 1107 1885 cominus
1124 1827 1243 1896 noster,

388 1945 413 2015 si
433 1959 537 2015 tamen
558 1945 588 2015 in
609 1970 648 2015 eo
669 1969 731 2015 non
756 1957 790 2014 ut
812 1945 909 2042 paleae
934 1946 1161 2028 comburamur,
1187 1945 1244 2016 sed

387 2078 591 2148 velutaurum
606 2103 785 2175 purgemur.
823 2078 956 2150 Maxima
968 2103 1020 2148 res
1031 2077 1242 2161 monachatus

387 2207 444 2278 sed
461 2189 661 2279 monachatus
682 2235 744 2279 non
769 2220 818 2278 est
837 2208 917 2306 pulla
936 2208 1047 2293 tunica,
1067 2207 1123 2278 sed
1141 2207 1244 2278 humi-

386 2341 454 2411 litas
471 2353 503 2412 et
516 2340 701 2426 obedientia,
718 2341 843 2412 castitas
856 2355 887 2412 et
901 2341 1026 2412 imitatio
1042 2340 1244 2436 vestigiorum

386 2473 554 2545 Salvatoris
573 2474 681 2545 nostri.
734 2475 851 2545 Clamat
868 2473 990 2544 Veritas
1007 2501 1013 2542 :
1029 2473 1088 2558 Qui
1101 2472 1252 2544 omnibus¹

385 2607 591 2692 abrenuntiat‚
617 2607 643 2677 is
666 2619 715 2677 est
736 2633 825 2677 meus
844 2607 1021 2704 discipulus.
1081 2605 1244 2703 Subjungit

386 2736 518 2806 Petrus:
534 2738 617 2807 Ecce
635 2761 693 2806 nos
708 2735 888 2833 reliquimus
909 2736 1009 2807 omnia
1023 2749 1055 2806 et
1072 2736 1167 2807 secuti
1187 2762 1244 2806 su-

385 2895 454 2939 mus
465 2881 508 2954 te,
522 2869 594 2968 quid
606 2895 682 2966 ergo
695 2869 876 2940 eritnobis‘?
906 2871 982 2954 Vos,
999 2869 1096 2967 inquit
1106 2869 1240 2954 Veritas

385 3003 436 3101 qui
451 3004 618 3102 reliquistis
635 3004 736 3074 omnia
755 3017 786 3074 et
804 3003 900 3074 secuti
920 3004 996 3074 estis
1010 3029 1072 3088 me,
1094 3003 1243 3075 sedebitis

386 3161 480 3234 super
499 3136 593 3207 sedes
610 3135 784 3222 duodecim,
804 3136 978 3234 judicantes
1001 3137 1163 3210 duodecim
1180 3138 1242 3208 tri-

385 3268 444 3338 bus
459 3268 570 3353 lsrael;
586 3281 619 3340 et
636 3269 812 3367 omnesqui
830 3269 1023 3368 reliquerunt
1038 3269 1175 3354 domum,
1191 3271 1241 3342 vel

384 3411 516 3497 patrem,
531 3413 583 3472 θυι
599 3413 743 3484 matrem,
761 3413 813 3471 θυι
830 3426 967 3485 servum,
987 3415 1038 3472 aot
1051 3401 1174 3486 iratres,
1190 3416 1243 3472 aut

384 3557 521 3618 sorores,
536 3547 588 3604 aut
604 3559 697 3630 agros
714 3547 843 3632 propter
859 3559 974 3605 nomen
994 3559 1110 3619 meum,
1126 3547 1242 3605 centu-

383 3663 468 3762 plum
488 3665 648 3765 accipient,
675 3679 708 3737 et
731 3667 826 3738 vitam
854 3679 1004 3738 aeternam
1024 3665 1240 3764 possidebunt.

383 3796 506 3881 Videte,
518 3796 580 3881 filii,
596 3798 786 3897 propositum
800 3812 831 3869 et
844 3798 956 3897 pignus
969 3797 1080 3896 quibus
1090 3800 1157 3868 Deo
1168 3822 1244 3868 con-

385 3929 513 4000 federati
541 3929 626 4002 estis.
663 3932 849 4001 Nostrorum
886 3933 971 3999 Deus
1004 3941 1157 4000 scrutator
1193 3943 1244 4000 est
