3050 5040
375 719 803 790 xrrsroxnannannrrcosmon.
1027 697 1071 764 35

210 877 345 948 animam
366 894 397 949 et
412 906 526 977 corpus
545 893 597 950 tuo
614 879 742 950 amatori
760 877 884 949 'Christo
901 877 1071 960 reddidisti,

211 1021 276 1079 tam
296 1010 441 1080 immunis
458 1037 474 1080 a
490 1010 598 1081 dolore
611 1009 720 1080 mortis
734 1035 825 1106 quam
842 1036 937 1106 purus
950 1009 1074 1080 vixeras

210 1170 227 1212 a
248 1144 432 1238 contagione
451 1144 569 1227 carnis,
590 1143 756 1227 lohannes,
782 1143 884 1238 igitur,
904 1142 954 1239 qui
973 1155 1076 1213 tantus

211 1302 248 1346 ac
266 1276 333 1346 talis
352 1301 387 1346 es
405 1290 553 1374 quantum
571 1276 711 1374 praedixi,
732 1277 793 1346 imo
807 1289 954 1373 quantum
970 1275 1074 1346 dicere

211 1406 305 1490 volui,
322 1405 379 1476 sed
394 1405 524 1476 dicentis
537 1420 665 1476 conatus
679 1419 799 1475 tuarum
810 1405 975 1499 gloriarum
990 1433 1075 1503 prae-

209 1538 292 1608 clara
318 1537 445 1608 materia
470 1535 648 1618 sullocavit,
669 1536 817 1619 obsecro,
842 1549 925 1605 tuam
952 1538 1073 1634 respice

210 1670 363 1749 ancillam,
378 1669 511 1766 latigatae
523 1669 635 1738 mentis
648 1668 773 1739 attende
783 1667 991 1753 devotionem,
1001 1695 1074 1740 cura

211 1801 447 1898 aegritudinem,
484 1813 679 1899 expectatam
713 1799 838 1897 porrige
875 1799 1072 1872 medicinam!

210 1933 290 2004 Vide
304 1934 449 2029 gemitus
459 1932 529 2004 vide
540 1931 680 2030 suspiria,
694 1932 765 2003 vide
778 1931 923 2017 lamenta,
933 1945 964 2002 et
975 1933 1075 2004 alllic-

212 2077 253 2136 tae
265 2066 382 2137 ancillae
399 2066 560 2138 consolare
571 2065 752 2163 praecordia.
794 2065 890 2160 Virgo
903 2065 1027 2163 quidem
1040 2092 1075 2136 es

211 2211 245 2271 ut
265 2199 401 2295 Virginis
420 2198 516 2284 filius,
534 2197 591 2268 sed
615 2210 646 2267 et
664 2197 713 2268 ille
733 2213 803 2270 tuus
820 2198 968 2294 magister
987 2199 1075 2294 virgo

210 2311 1074 2430 erat3peccatumn0uleceratquilllariampeccatricem

209 2465 399 2561 colligebat,
426 2466 512 2562 cujus
543 2465 709 2560 unguentis
741 2477 831 2562 caput
867 2465 1072 2561 subponebat,

210 2596 314 2696 pedes
332 2596 497 2695 lachrymis
510 2595 682 2667 abluendos
700 2595 877 2679 exhibebat,
897 2595 1000 2666 oscula
1013 2623 1075 2666 non

209 2728 381 2812 abnuebat,
405 2727 608 2825 poenitentem
633 2727 837 2812 confortabat,
857 2729 1076 2798 murmurantis

208 2860 352 2932 Pbarisei
361 2860 596 2956 cogitationibus
610 2859 821 2958 respondebat
837 2888 843 2929 :
858 2860 990 2930 Dimissa
1004 2876 1075 2931 sunt

209 2993 240 3068 ei
255 3005 382 3090 peccata
395 2991 501 3076 multa,
517 2992 662 3088 quoniam
675 2990 781 3063 dilexit
791 2993 930 3063 multum.
959 2991 1076 3063 lohan-

210 3151 286 3210 neS,
306 3124 396 3220 hujus
414 3124 532 3195 ancillae
548 3136 713 3222 prostratae
726 3137 758 3194 et
769 3124 828 3195 tuis
838 3124 969 3222 pedibus
981 3124 1076 3196 advo-

208 3257 289 3328 lutae
311 3255 482 3339 miserere,
512 3281 551 3326 ne
573 3254 724 3352 despicias
750 3255 907 3351 jacentem
929 3283 986 3354 pro
1015 3285 1074 3354 qua

207 3403 335 3462 amator
346 3403 416 3461 tuus
430 3389 571 3460 Chiistus
583 3415 670 3460 suam
686 3389 834 3488 impendit
845 3390 949 3461 vitam.
1002 3391 1075 3462 Tuis

207 3522 493 3594 interventionibus
516 3523 607 3618 exigo
630 3523 818 3624 reconciliari
836 3522 959 3594 Christo
975 3522 1026 3619 qui
1044 3537 1074 3593 te

207 3680 280 3727 suae
294 3653 466 3725 dilectionis
480 3655 635 3751 insignivit
649 3655 817 3754 privilegio.
844 3643 847 3648 ยน
871 3657 939 3726 Prae
952 3655 1075 3726 caeteris

207 3786 331 3858 sanctis
342 3813 437 3857 unum
451 3801 482 3858 te
493 3786 630 3872 decrevi,
647 3801 679 3858 et
692 3787 818 3858 decrevi
827 3786 899 3856 mibi
912 3799 1074 3884 patronum

205 3946 309 4018 quem
327 3945 394 4016 prae
406 3920 529 3991 caeteris
542 3921 631 3992 audio
645 3947 715 3992 esse
732 3919 887 3991 dilectum.
940 3922 1074 4018 lmpetra
