3050 5040
441 753 579 796 nrtsronn
594 753 729 797 unaarum
744 751 878 799 cosmon.
1046 733 1091 798 59

233 907 446 993 humilitatem,
471 910 658 1007 patientiam,
685 911 898 996 sobrietatem,
922 913 1094 1009 scriptura—

232 1067 302 1111 rum
319 1039 517 1136 diligentiam,
538 1041 723 1112 ohedientiae
743 1041 932 1113 alacritatem
951 1043 1095 1141 epulahi-
1174 1139 1179 1150 υ

234 1199 314 1243 mur.
366 1173 433 1258 Fili,
450 1199 602 1246 conserva
617 1175 850 1245 sanctimoniam
869 1176 936 1246 sine
954 1203 1014 1274 qua
1031 1177 1095 1246 im—

233 1305 379 1402 possibile
398 1319 447 1376 est
459 1306 582 1403 placere
597 1309 675 1376 Deo.
728 1306 824 1402 Virgo
838 1307 990 1392 Christus,
1007 1309 1095 1405 virgo

233 1436 331 1507 Maria
348 1453 447 1509 mater
461 1437 586 1522 Christi,
602 1438 692 1535 virgo
704 1440 839 1509 loannes
856 1465 961 1536 praeco
969 1439 1093 1524 Christi,

234 1568 324 1664 virgo
338 1571 473 1640 loannes
490 1569 620 1641 dilectus
638 1571 768 1656 Christi,
791 1571 928 1656 attende,
944 1584 976 1642 et
991 1572 1020 1642 in
1039 1599 1095 1642 sa-

233 1714 393 1772 eramento
402 1713 519 1790 nostrae
529 1701 1097 1800 redemptionisinveniesomninovir-

235 1831 361 1929 ginitam
371 1833 582 1930 praevaluisse.
611 1833 714 1931 Empti
726 1858 765 1904 en
776 1847 860 1904 terra
869 1847 902 1924 et
910 1833 1023 1904 carnali
1037 1861 1097 1904 non

234 1965 430 2036 contaminati
451 1977 610 2050 contacto,
630 1965 649 2035 ii
675 1979 848 2063 sequuntur
874 1966 1001 2062 Agrium
1023 1993 1098 2065 quo-

234 2122 368 2196 cumque
387 2097 481 2169 vadit.
532 2098 618 2169 Felix
632 2098 811 2195 collegium,
828 2099 1011 2170 commorari
1028 2125 1097 2172 oum

236 2227 360 2300 Christo
384 2243 416 2300 et
436 2242 562 2302 eantare
584 2229 738 2302 canticum
761 2230 844 2328 quod
864 2230 940 2303 solae
961 2231 1099 2327 virgines

235 2372 370 2431 cantant.
423 2360 490 2445 Fili,
504 2373 612 2432 cautus
629 2374 714 2444 est03
730 2359 870 2431 redditus
885 2360 1000 2445 domui,
1015 2361 1100 2432 inve

235 2491 304 2562 nies
318 2493 434 2563 multos
447 2493 498 2590 qui
516 2492 555 2563 de
569 2493 630 2564 tuis
642 2492 824 2589 judicabunt
837 2493 1110 2590 promotionibus,

238 2648 297 2694 nec
316 2636 455 2695 nostram
471 2623 580 2694 latebit
600 2623 833 2720 intelligentiam
851 2637 998 2721 quantum
1020 2624 1100 2722 apud

238 2769 300 2826 tuae
328 2755 460 2854 optionis
485 2754 685 2854 philosophos
710 2769 762 2826 tua
785 2755 954 2854 profecerit
982 2755 1100 2826 sollici-

241 2887 327 2959 tudo.
363 2920 366 2924 ·

372 3125 573 3195 EPISTULA
591 3125 695 3194 XXX.
712 3167 760 3176 -
771 3123 819 3194 Au
836 3125 966 3194 Oronnu.

521 3345 691 3414 Hnnannrus
717 3343 819 3412 Oronr.

292 3563 420 3660 Scriptis
437 3560 596 3657 cujusdam
610 3557 730 3658 providi
750 3570 781 3628 et
800 3556 879 3652 lrogi
896 3555 1103 3626 adolescentis

244 3719 466 3793 responsumS,
502 3695 608 3764 lesum
633 3691 751 3764 advoco
781 3688 955 3786 adjutorem
981 3713 1100 3770 meum,

245 3840 277 3897 ut
296 3853 331 3898 ea
348 3827 501 3898 inveniam
519 3853 588 3924 quae
609 3825 670 3896 sint
687 3823 778 3920 digna
792 3821 905 3918 ingenii
920 3833 1013 3892 tantae
1027 3822 1106 3890 sub-

246 3959 373 4043 utitatis,
401 3972 431 4030 ot
453 3959 576 4029 inventa
596 3971 680 4028 tanto
704 3955 853 4026 adornem
874 3952 998 4048 judicio.
1022 3951 1105 4046 quotl
