<?xml version="1.0" encoding="UTF-8"?>
<!DOCTYPE html PUBLIC "-//W3C//DTD XHTML 1.0 Transitional//EN"
    "http://www.w3.org/TR/xhtml1/DTD/xhtml1-transitional.dtd">
<html xmlns="http://www.w3.org/1999/xhtml" xml:lang="en" lang="en">
 <head>
  <title>
</title>
<meta http-equiv="Content-Type" content="text/html;charset=utf-8" />
  <meta name='ocr-system' content='tesseract 3.04.00' />
  <meta name='ocr-capabilities' content='ocr_page ocr_carea ocr_par ocr_line ocrx_word'/>
</head>
<body>
  <div class='ocr_page' id='page_1' title='image "./epistolaeherber00ethegoog_0247.png"; bbox 0 0 3038 5036; ppageno 0'>
   <div class='ocr_carea' id='block_1_1' title="bbox 414 699 1156 774">
    <p class='ocr_par' dir='ltr' id='par_1_1' title="bbox 414 699 1156 774">
     <span class='ocr_line' id='line_1_1' title="bbox 414 699 1156 774; baseline -0.011 1"><span class='ocrx_word' id='word_1_1' title='bbox 414 699 485 774; x_wconf 68' lang='lat'>224</span> <span class='ocrx_word' id='word_1_2' title='bbox 535 725 636 770; x_wconf 78' lang='lat' dir='ltr'>uenum</span> <span class='ocrx_word' id='word_1_3' title='bbox 655 725 764 770; x_wconf 88' lang='lat' dir='ltr'>rnronrs</span> <span class='ocrx_word' id='word_1_4' title='bbox 780 725 995 770; x_wconf 79' lang='lat' dir='ltr'>cnnrunuunsrs</span> <span class='ocrx_word' id='word_1_5' title='bbox 1011 725 1156 770; x_wconf 81' lang='lat' dir='ltr'>urrsrocn.</span> 
     </span>
    </p>
   </div>
   <div class='ocr_carea' id='block_1_2' title="bbox 413 882 1273 1376">
    <p class='ocr_par' dir='ltr' id='par_1_2' title="bbox 413 882 1273 1376">
     <span class='ocr_line' id='line_1_2' title="bbox 414 882 1269 977; baseline 0.002 -28"><span class='ocrx_word' id='word_1_6' title='bbox 414 883 468 960; x_wconf 65' lang='lat' dir='ltr'>ris,</span> <span class='ocrx_word' id='word_1_7' title='bbox 491 883 578 977; x_wconf 88' lang='lat' dir='ltr'>cujus</span> <span class='ocrx_word' id='word_1_8' title='bbox 604 882 724 954; x_wconf 83' lang='lat' dir='ltr'>assidua</span> <span class='ocrx_word' id='word_1_9' title='bbox 755 883 954 955; x_wconf 73' lang='lat' dir='ltr'>meditatione</span> <span class='ocrx_word' id='word_1_10' title='bbox 985 909 1076 953; x_wconf 88' lang='lat' dir='ltr'>mens</span> <span class='ocrx_word' id='word_1_11' title='bbox 1101 897 1206 953; x_wconf 74' lang='lat' dir='ltr'>vestra</span> <span class='ocrx_word' id='word_1_12' title='bbox 1232 883 1269 951; x_wconf 82' lang='lat' dir='ltr'>nd</span> 
     </span>
     <span class='ocr_line' id='line_1_3' title="bbox 413 1011 1272 1111; baseline 0.003 -29"><span class='ocrx_word' id='word_1_13' title='bbox 413 1011 600 1084; x_wconf 90' lang='lat' dir='ltr'>desiderium</span> <span class='ocrx_word' id='word_1_14' title='bbox 632 1015 739 1111; x_wconf 80' lang='lat' dir='ltr'>palriae</span> <span class='ocrx_word' id='word_1_15' title='bbox 771 1015 908 1086; x_wconf 85' lang='lat' dir='ltr'>coelestis</span> <span class='ocrx_word' id='word_1_16' title='bbox 946 1015 1185 1100; x_wconf 78' lang='lat' dir='ltr'>accenderetur,</span> <span class='ocrx_word' id='word_1_17' title='bbox 1220 1041 1272 1085; x_wconf 91' lang='lat' dir='ltr'>me</span> 
     </span>
     <span class='ocr_line' id='line_1_4' title="bbox 413 1145 1273 1245; baseline 0.003 -32"><span class='ocrx_word' id='word_1_18' title='bbox 413 1172 507 1242; x_wconf 89' lang='lat' dir='ltr'>quum</span> <span class='ocrx_word' id='word_1_19' title='bbox 525 1145 651 1217; x_wconf 92' lang='lat' dir='ltr'>domum</span> <span class='ocrx_word' id='word_1_20' title='bbox 668 1147 807 1217; x_wconf 89' lang='lat' dir='ltr'>venirem</span> <span class='ocrx_word' id='word_1_21' title='bbox 828 1147 1012 1245; x_wconf 84' lang='lat' dir='ltr'>scriplurum</span> <span class='ocrx_word' id='word_1_22' title='bbox 1026 1147 1176 1245; x_wconf 85' lang='lat' dir='ltr'>vobisque</span> <span class='ocrx_word' id='word_1_23' title='bbox 1193 1147 1273 1217; x_wconf 91' lang='lat' dir='ltr'>mis-</span> 
     </span>
     <span class='ocr_line' id='line_1_5' title="bbox 414 1278 1267 1376; baseline 0.002 -32"><span class='ocrx_word' id='word_1_24' title='bbox 414 1303 529 1347; x_wconf 89' lang='lat' dir='ltr'>surum.</span> <span class='ocrx_word' id='word_1_25' title='bbox 582 1278 703 1348; x_wconf 85' lang='lat' dir='ltr'>Faciam</span> <span class='ocrx_word' id='word_1_26' title='bbox 720 1278 812 1373; x_wconf 81' lang='lat' dir='ltr'>igitur</span> <span class='ocrx_word' id='word_1_27' title='bbox 828 1278 909 1376; x_wconf 89' lang='lat' dir='ltr'>quod</span> <span class='ocrx_word' id='word_1_28' title='bbox 928 1279 1067 1376; x_wconf 83' lang='lat' dir='ltr'>promisi,</span> <span class='ocrx_word' id='word_1_29' title='bbox 1083 1293 1142 1348; x_wconf 82' lang='lat' dir='ltr'>elo.</span> <span class='ocrx_word' id='word_1_30' title='bbox 1199 1338 1204 1347; x_wconf 94' lang='lat'>.</span> <span class='ocrx_word' id='word_1_31' title='bbox 1261 1337 1267 1346; x_wconf 94' lang='lat'>.</span> 
     </span>
    </p>
   </div>
   <div class='ocr_carea' id='block_1_3' title="bbox 506 1573 1172 1670">
    <p class='ocr_par' dir='ltr' id='par_1_3' title="bbox 506 1573 1172 1670">
     <span class='ocr_line' id='line_1_6' title="bbox 506 1573 1172 1670; baseline 0.003 -29"><span class='ocrx_word' id='word_1_32' title='bbox 506 1573 709 1670; x_wconf 83' lang='lat' dir='ltr'>unsrom</span> <span class='ocrx_word' id='word_1_33' title='bbox 728 1575 795 1643; x_wconf 89' lang='lat' dir='ltr'>vn.</span> <span class='ocrx_word' id='word_1_34' title='bbox 807 1619 853 1627; x_wconf 86' lang='lat'>--</span> <span class='ocrx_word' id='word_1_35' title='bbox 865 1575 912 1646; x_wconf 67' lang='lat' dir='ltr'>nn</span> <span class='ocrx_word' id='word_1_36' title='bbox 917 1633 1172 1643; x_wconf 91' lang='grc'>.....</span> 
     </span>
    </p>
   </div>
   <div class='ocr_carea' id='block_1_4' title="bbox 414 1723 1274 2214">
    <p class='ocr_par' dir='ltr' id='par_1_4' title="bbox 414 1723 1274 2214">
     <span class='ocr_line' id='line_1_7' title="bbox 414 1723 1273 1822; baseline 0.002 -33"><span class='ocrx_word' id='word_1_37' title='bbox 414 1723 529 1818; x_wconf 74' lang='lat' dir='ltr'>Incipit</span> <span class='ocrx_word' id='word_1_38' title='bbox 547 1723 676 1819; x_wconf 77' lang='lat' dir='ltr'>epistola</span> <span class='ocrx_word' id='word_1_39' title='bbox 692 1723 729 1793; x_wconf 87' lang='lat' dir='ltr'>de</span> <span class='ocrx_word' id='word_1_40' title='bbox 747 1723 824 1822; x_wconf 76' lang='lat' dir='ltr'>supa</span> <span class='ocrx_word' id='word_1_41' title='bbox 836 1739 1024 1803; x_wconf 79' lang='lat' dir='ltr'>sanctorum,</span> <span class='ocrx_word' id='word_1_42' title='bbox 1038 1724 1127 1794; x_wconf 77' lang='lat' dir='ltr'>idest</span> <span class='ocrx_word' id='word_1_43' title='bbox 1139 1723 1273 1821; x_wconf 78' lang='lat' dir='ltr'>qualiter</span> 
     </span>
     <span class='ocr_line' id='line_1_8' title="bbox 462 1856 1273 1954; baseline -0.001 -30"><span class='ocrx_word' id='word_1_44' title='bbox 462 1857 543 1925; x_wconf 81' lang='lat' dir='ltr'>inter·</span> <span class='ocrx_word' id='word_1_45' title='bbox 555 1856 642 1926; x_wconf 87' lang='lat' dir='ltr'>molo</span> <span class='ocrx_word' id='word_1_46' title='bbox 655 1856 767 1926; x_wconf 82' lang='lat' dir='ltr'>mnndi</span> <span class='ocrx_word' id='word_1_47' title='bbox 772 1857 917 1954; x_wconf 82' lang='lat' dir='ltr'>pericula</span> <span class='ocrx_word' id='word_1_48' title='bbox 928 1871 1105 1928; x_wconf 82' lang='lat' dir='ltr'>nostrorum</span> <span class='ocrx_word' id='word_1_49' title='bbox 1115 1856 1273 1954; x_wconf 80' lang='lat' dir='ltr'>sopiamus</span> 
     </span>
     <span class='ocr_line' id='line_1_9' title="bbox 462 1987 1274 2083; baseline 0.001 -26"><span class='ocrx_word' id='word_1_50' title='bbox 462 1989 654 2068; x_wconf 81' lang='lat' dir='ltr'>animorum,</span> <span class='ocrx_word' id='word_1_51' title='bbox 679 1989 767 2058; x_wconf 84' lang='lat' dir='ltr'>etad</span> <span class='ocrx_word' id='word_1_52' title='bbox 785 1988 927 2059; x_wconf 85' lang='lat' dir='ltr'>diuinum</span> <span class='ocrx_word' id='word_1_53' title='bbox 947 1989 1141 2060; x_wconf 83' lang='lat' dir='ltr'>clementium</span> <span class='ocrx_word' id='word_1_54' title='bbox 1164 1987 1237 2083; x_wconf 75' lang='lat' dir='ltr'>cons</span> <span class='ocrx_word' id='word_1_55' title='bbox 1253 2031 1274 2041; x_wconf 92' lang='lat'>-</span> 
     </span>
     <span class='ocr_line' id='line_1_10' title="bbox 459 2120 595 2214; baseline 0 -26"><span class='ocrx_word' id='word_1_56' title='bbox 459 2120 595 2214; x_wconf 73' lang='lat' dir='ltr'>pionius.</span> 
     </span>
    </p>
   </div>
   <div class='ocr_carea' id='block_1_5' title="bbox 413 2350 1275 2978">
    <p class='ocr_par' dir='ltr' id='par_1_5' title="bbox 413 2350 1275 2978">
     <span class='ocr_line' id='line_1_11' title="bbox 462 2350 1271 2451; baseline -0.007 -27"><span class='ocrx_word' id='word_1_57' title='bbox 462 2355 596 2439; x_wconf 85' lang='lat' dir='ltr'>Tertius,</span> <span class='ocrx_word' id='word_1_58' title='bbox 608 2354 714 2440; x_wconf 89' lang='lat' dir='ltr'>credo,</span> <span class='ocrx_word' id='word_1_59' title='bbox 724 2355 789 2451; x_wconf 81' lang='lat' dir='ltr'>jam</span> <span class='ocrx_word' id='word_1_60' title='bbox 800 2380 899 2424; x_wconf 84' lang='lat' dir='ltr'>annus</span> <span class='ocrx_word' id='word_1_61' title='bbox 910 2367 970 2438; x_wconf 87' lang='lat' dir='ltr'>est,</span> <span class='ocrx_word' id='word_1_62' title='bbox 984 2350 1162 2424; x_wconf 86' lang='lat' dir='ltr'>venerande</span> <span class='ocrx_word' id='word_1_63' title='bbox 1173 2361 1271 2448; x_wconf 81' lang='lat' dir='ltr'>pater,</span> 
     </span>
     <span class='ocr_line' id='line_1_12' title="bbox 414 2481 1274 2584; baseline -0.008 -28"><span class='ocrx_word' id='word_1_64' title='bbox 414 2485 496 2582; x_wconf 91' lang='lat' dir='ltr'>quod</span> <span class='ocrx_word' id='word_1_65' title='bbox 510 2486 663 2558; x_wconf 89' lang='lat' dir='ltr'>dulcedini</span> <span class='ocrx_word' id='word_1_66' title='bbox 682 2502 800 2558; x_wconf 69' lang='lat' dir='ltr'>vescrae</span> <span class='ocrx_word' id='word_1_67' title='bbox 814 2485 969 2584; x_wconf 81' lang='lat' dir='ltr'>quoddam</span> <span class='ocrx_word' id='word_1_68' title='bbox 982 2487 1069 2582; x_wconf 76' lang='lat' dir='ltr'>juxta</span> <span class='ocrx_word' id='word_1_69' title='bbox 1086 2481 1274 2554; x_wconf 90' lang='lat' dir='ltr'>desiderium</span> 
     </span>
     <span class='ocr_line' id='line_1_13' title="bbox 413 2613 1274 2719; baseline -0.008 -30"><span class='ocrx_word' id='word_1_70' title='bbox 413 2633 554 2690; x_wconf 81' lang='lat' dir='ltr'>vestrum</span> <span class='ocrx_word' id='word_1_71' title='bbox 577 2620 725 2719; x_wconf 75' lang='lat' dir='ltr'>scriptum</span> <span class='ocrx_word' id='word_1_72' title='bbox 751 2620 977 2704; x_wconf 76' lang='lat' dir='ltr'>transmitlenS,</span> <span class='ocrx_word' id='word_1_73' title='bbox 1000 2617 1149 2716; x_wconf 84' lang='lat' dir='ltr'>prolixius</span> <span class='ocrx_word' id='word_1_74' title='bbox 1164 2613 1274 2711; x_wconf 83' lang='lat' dir='ltr'>aliquid</span> 
     </span>
     <span class='ocr_line' id='line_1_14' title="bbox 413 2751 1268 2850; baseline -0.002 -30"><span class='ocrx_word' id='word_1_75' title='bbox 413 2751 572 2821; x_wconf 79' lang='lat' dir='ltr'>merobis</span> <span class='ocrx_word' id='word_1_76' title='bbox 590 2752 775 2850; x_wconf 86' lang='lat' dir='ltr'>scripturum</span> <span class='ocrx_word' id='word_1_77' title='bbox 794 2751 921 2849; x_wconf 89' lang='lat' dir='ltr'>promisi</span> <span class='ocrx_word' id='word_1_78' title='bbox 951 2803 1268 2818; x_wconf 88' lang='grc'>......</span> 
     </span>
     <span class='ocr_line' id='line_1_15' title="bbox 414 2875 1275 2978; baseline -0.01 -25"><span class='ocrx_word' id='word_1_79' title='bbox 414 2880 496 2965; x_wconf 85' lang='lat' dir='ltr'>Quid</span> <span class='ocrx_word' id='word_1_80' title='bbox 514 2881 606 2978; x_wconf 74' lang='lat' dir='ltr'>igitur</span> <span class='ocrx_word' id='word_1_81' title='bbox 623 2882 752 2953; x_wconf 80' lang='lat' dir='ltr'>faciam?</span> <span class='ocrx_word' id='word_1_82' title='bbox 767 2909 837 2952; x_wconf 86' lang='lat' dir='ltr'>narn</span> <span class='ocrx_word' id='word_1_83' title='bbox 850 2905 923 2952; x_wconf 90' lang='lat' dir='ltr'>meo</span> <span class='ocrx_word' id='word_1_84' title='bbox 938 2881 967 2950; x_wconf 94' lang='lat' dir='ltr'>in</span> <span class='ocrx_word' id='word_1_85' title='bbox 981 2878 1038 2950; x_wconf 90' lang='lat' dir='ltr'>Dei</span> <span class='ocrx_word' id='word_1_86' title='bbox 1055 2901 1161 2948; x_wconf 88' lang='lat' dir='ltr'>amore</span> <span class='ocrx_word' id='word_1_87' title='bbox 1178 2875 1275 2946; x_wconf 81' lang='lat' dir='ltr'>amico</span> 
     </span>
    </p>
   </div>
   <div class='ocr_carea' id='block_1_6' title="bbox 414 3009 1273 3111">
    <p class='ocr_par' dir='ltr' id='par_1_6' title="bbox 414 3009 1273 3111">
     <span class='ocr_line' id='line_1_16' title="bbox 414 3009 1273 3111; baseline -0.009 -29"><span class='ocrx_word' id='word_1_88' title='bbox 414 3037 465 3083; x_wconf 90' lang='lat' dir='ltr'>me</span> <span class='ocrx_word' id='word_1_89' title='bbox 488 3013 674 3111; x_wconf 81' lang='lat' dir='ltr'>scripturum</span> <span class='ocrx_word' id='word_1_90' title='bbox 701 3012 839 3111; x_wconf 75' lang='lat' dir='ltr'>promisi,</span> <span class='ocrx_word' id='word_1_91' title='bbox 864 3037 959 3109; x_wconf 92' lang='lat' dir='ltr'>quem</span> <span class='ocrx_word' id='word_1_92' title='bbox 985 3009 1091 3106; x_wconf 81' lang='lat' dir='ltr'>utique</span> <span class='ocrx_word' id='word_1_93' title='bbox 1115 3019 1201 3078; x_wconf 75' lang='lat' dir='ltr'>tanto</span> <span class='ocrx_word' id='word_1_94' title='bbox 1223 3029 1273 3075; x_wconf 92' lang='lat' dir='ltr'>me</span> 
     </span>
    </p>
   </div>
   <div class='ocr_carea' id='block_1_7' title="bbox 415 3136 1274 3373">
    <p class='ocr_par' dir='ltr' id='par_1_7' title="bbox 415 3136 1274 3373">
     <span class='ocr_line' id='line_1_17' title="bbox 415 3136 1274 3244; baseline -0.013 -28"><span class='ocrx_word' id='word_1_95' title='bbox 415 3145 571 3243; x_wconf 90' lang='lat' dir='ltr'>conspicio</span> <span class='ocrx_word' id='word_1_96' title='bbox 589 3146 794 3244; x_wconf 88' lang='lat' dir='ltr'>superiorem,</span> <span class='ocrx_word' id='word_1_97' title='bbox 814 3157 928 3242; x_wconf 82' lang='lat' dir='ltr'>quanto</span> <span class='ocrx_word' id='word_1_98' title='bbox 946 3169 1008 3213; x_wconf 92' lang='lat' dir='ltr'>non</span> <span class='ocrx_word' id='word_1_99' title='bbox 1027 3141 1126 3211; x_wconf 87' lang='lat' dir='ltr'>solum</span> <span class='ocrx_word' id='word_1_100' title='bbox 1143 3139 1203 3222; x_wconf 86' lang='lat' dir='ltr'>illo,</span> <span class='ocrx_word' id='word_1_101' title='bbox 1219 3136 1274 3206; x_wconf 90' lang='lat' dir='ltr'>sed</span> 
     </span>
     <span class='ocr_line' id='line_1_18' title="bbox 418 3269 1274 3373; baseline -0.013 -25"><span class='ocrx_word' id='word_1_102' title='bbox 418 3291 449 3348; x_wconf 78' lang='lat' dir='ltr'>et</span> <span class='ocrx_word' id='word_1_103' title='bbox 472 3277 610 3373; x_wconf 73' lang='lat' dir='ltr'>quolibet</span> <span class='ocrx_word' id='word_1_104' title='bbox 631 3276 736 3347; x_wconf 86' lang='lat' dir='ltr'>infimo</span> <span class='ocrx_word' id='word_1_105' title='bbox 755 3276 928 3348; x_wconf 73' lang='lat' dir='ltr'>Christiano</span> <span class='ocrx_word' id='word_1_106' title='bbox 951 3299 1001 3345; x_wconf 92' lang='lat' dir='ltr'>me</span> <span class='ocrx_word' id='word_1_107' title='bbox 1019 3295 1175 3367; x_wconf 80' lang='lat' dir='ltr'>cognosco</span> <span class='ocrx_word' id='word_1_108' title='bbox 1192 3269 1239 3338; x_wconf 78' lang='lat' dir='ltr'>inf</span> <span class='ocrx_word' id='word_1_109' title='bbox 1255 3311 1274 3322; x_wconf 92' lang='lat'>—</span> 
     </span>
    </p>
   </div>
   <div class='ocr_carea' id='block_1_8' title="bbox 414 3410 539 3480">
    <p class='ocr_par' dir='ltr' id='par_1_8' title="bbox 414 3410 539 3480">
     <span class='ocr_line' id='line_1_19' title="bbox 414 3410 539 3480; baseline -0.008 0"><span class='ocrx_word' id='word_1_110' title='bbox 414 3410 539 3480; x_wconf 90' lang='lat' dir='ltr'>riorem.</span> 
     </span>
    </p>
   </div>
   <div class='ocr_carea' id='block_1_9' title="bbox 0 0 1526 5036">
    <p class='ocr_par' dir='ltr' id='par_1_9' title="bbox 0 0 1526 5036">
     <span class='ocr_line' id='line_1_20' title="bbox 0 0 1526 5036; baseline 0 0"><span class='ocrx_word' id='word_1_111' title='bbox 0 0 1526 5036; x_wconf 95' lang='lat' dir='ltr'> </span> 
     </span>
    </p>
   </div>
  </div>
 </body>
</html>
