3012 5040
460 735 573 780 osnunrr
589 735 624 780 na
643 735 733 780 aaran
751 734 910 780 nrrsrorn„
1041 710 1102 782 tat

247 907 280 965 ut
297 892 351 965 tibi
364 891 522 963 valeamus
539 915 717 972 occurrere,
736 903 768 962 et
786 917 920 962 consona
940 917 1017 962 voce
1033 917 1110 990 per-

249 1049 361 1097 sonare
376 1053 382 1094 :
398 1023 501 1095 Gloria
514 1022 568 1094 tibi
583 1035 615 1093 et
630 1023 712 1094 salus
725 1022 878 1106 diuturna,
890 1024 990 1096 virtus
1003 1037 1035 1094 et
1048 1025 1110 1094 vita

249 1168 410 1254 perpetua,
427 1155 477 1252 qui
490 1155 604 1250 uenisti
618 1153 656 1226 ad
669 1154 917 1253 redemptionem
936 1156 1038 1254 populi
1052 1156 1106 1236 tui,

250 1289 280 1358 in
298 1288 436 1360 absentia
454 1301 539 1358 tanto
557 1301 699 1384 tempore
718 1288 858 1358 desolati.

315 1541 515 1610 EPISTOLA
541 1541 624 1608 XlV.
642 1583 689 1592 -
704 1517 751 1610 ln
765 1541 911 1612 Eauanuu
928 1566 1047 1611 aaronem

555 1671 804 1742 Carruaaruusru.

251 1857 439 1926 Reuerentia
461 1855 634 1953 ciaqalaris
654 1855 784 1952 speciali
803 1856 899 1936 cultu,
918 1883 985 1927 uere
1004 1857 1113 1930 dilecto

302 2000 329 2054 et
349 1988 469 2056 sincera
486 1985 635 2057 charitate
652 1985 809 2085 diliqendo
827 1988 960 2058 Donaino
980 2003 1008 2058 et
1026 1992 1116 2086 patri

302 2115 444 2197 Elmaro,
464 2117 523 2186 Dei
540 2119 646 2215 qratia
664 2131 778 2188 sancta
803 2117 1043 2191 Cantaariensis
1064 2147 1116 2190 ec-

303 2249 416 2330 clesia,
447 2251 615 2320 venerabili
636 2253 756 2347 priori,
783 2250 883 2347 frater
907 2251 1054 2326 Osbertus
1079 2253 1115 2323 da

306 2382 417 2462 Clara,
432 2381 538 2452 eadem
549 2384 655 2480 qratia
669 2383 892 2480 qualescanque
905 2387 996 2480 prior
1014 2385 1117 2456 West-

303 2517 482 2584 monasterii
500 2513 679 2611 desiqnatas
694 2514 837 2594 ecclesiae,
856 2515 1070 2610 subjectionem
1089 2530 1117 2584 et

303 2645 502 2716 obedientiam
520 2661 548 2716 ct
563 2649 718 2744 inteqram
731 2673 790 2744 per
806 2649 911 2718 omnia
928 2649 1111 2717 amicitiam.

305 2880 387 2963 Quot
400 2880 596 2977 quantisque,
612 2893 701 2978 pater
713 2880 901 2964 dulcissime,
915 2880 1015 2950 modis
1026 2881 1116 2952 vobis

256 3009 378 3082 debitor
398 3012 457 3082 sim
474 3011 617 3094 effectus
638 3037 697 3082 nec
716 3011 830 3106 lingua,
849 3024 883 3081 ut
899 3009 1002 3095 decet,
1021 3011 1118 3109 expli-

257 3168 339 3227 care,
354 3167 412 3214 nec
427 3142 564 3241 apicibus
577 3141 697 3213 sufficio
710 3141 979 3240 comprehendere
993 3141 1116 3212 littera-

258 3300 344 3358 rum;
365 3287 430 3345 tum
447 3275 517 3371 quia
539 3299 628 3345 meos
641 3274 731 3353 ,inter
751 3301 810 3345 vos
833 3274 947 3346 amoris
970 3274 1117 3372 praecipui

259 3407 452 3480 sublimitatis
474 3407 587 3493 officio,
612 3420 678 3478 tum
699 3407 782 3504 qnod
801 3432 852 3478 me
873 3407 950 3478 ultra
973 3406 1117 3477 meritum

258 3540 548 3612 meumimmensis
577 3565 704 3638 semper
733 3539 904 3610 honoribus
935 3538 1114 3637 ampliastis.

259 3671 378 3742 Gratias
395 3671 525 3771 proinde
541 3671 631 3742 vobis
647 3683 679 3742 et
692 3671 806 3768 gratias
819 3672 935 3741 uberes
951 3696 1021 3766 ego,
1035 3669 1118 3768 quod

259 3814 302 3873 tot
318 3814 349 3874 et
365 3814 449 3876 tenta
465 3803 610 3875 bonitatis
629 3815 744 3875 vestrae
757 3816 888 3902 experto
908 3803 1047 3874 sentiens
1064 3803 1119 3874 be-

258 3933 376 4018 neficia,
397 3935 556 4032 utriusque
573 3935 646 4006 vitae
667 3935 927 4006 consolationibus
946 3934 1118 4006 orationum
