3012 5040
460 711 572 755 osannrr
590 709 625 754 ns
636 698 733 756 ‘nnana
751 710 896 755 nrrsronn.
1036 690 1099 755 lll

245 867 370 962 justitiae
394 865 624 964 plenitudinem,
651 866 849 936 beatissimus
868 869 990 952 Petrus,
1018 869 1106 966 prin-

249 1025 324 1096 ceps
342 999 457 1070 ordinis
474 999 632 1096 apostolici
653 1011 686 1069 et
703 998 914 1070 clavicularius
933 1001 1033 1096 regni,
1055 1014 1107 1072 tuo

248 1131 378 1202 credidit
400 1132 570 1202 ministerio
592 1157 657 1202 suae
678 1131 748 1202 lidei
768 1131 956 1204 firmitatem.
1016 1135 1106 1206 Unde

250 1269 375 1337 beatum
400 1267 504 1362 judico
534 1267 731 1364 omniumque
762 1268 922 1364 penetrale
960 1268 1108 1339 virtutum

252 1398 458 1469 reverendum
481 1422 597 1468 censeo
620 1411 729 1496 pectus
750 1410 848 1483 tuum,
870 1398 910 1469 de
934 1425 995 1496 quo
1015 1398 1109 1469 veluti

252 1553 291 1598 ex
315 1528 415 1628 adytis
439 1528 540 1599 divina
563 1529 717 1626 prodeunt
738 1530 859 1600 oracula
883 1543 915 1600 et
938 1543 1109 1601 aromatum

252 1660 408 1758 pigmenta
433 1660 605 1732 coelestium
630 1661 791 1732 dulcedine
817 1661 934 1760 spirant
963 1662 1107 1757 gratiosa.

253 1795 338 1864 Aura
359 1819 491 1891 namque
515 1818 688 1889 exsurgens
709 1796 748 1865 ab
767 1794 886 1865 oriente
904 1794 1035 1865 salubris
1054 1819 1111 1891 per

254 1940 285 1996 te
311 1925 390 1997 lines
419 1926 569 1996 toxicatos
601 1925 705 1996 invisit
733 1926 911 2011 occidentis,
941 1927 971 1996 in
1000 1927 1111 2024 quibus

253 2043 417 2157 eorrdptus
437 2085 492 2129 aer
514 2085 635 2130 morum
652 2059 868 2130 offendiculam
885 2059 1016 2158 peperit,
1039 2060 1111 2130 ani—

253 2191 423 2287 mabusque
441 2189 607 2258 multorum
623 2188 709 2258 virus
727 2201 857 2258 aeternae
873 2189 981 2260 mortis
1000 2188 1106 2260 infixit.
1147 2277 1148 2282 ἵ

256 2323 351 2418 lgitur
375 2321 563 2392 medicinalis
587 2321 687 2391 virtus
708 2320 837 2419 apostoli
859 2322 1058 2416 aggredietur
1082 2323 1111 2392 in

151 2541 153 2543 ,
256 2469 288 2526 te
306 2468 450 2527 avertere
471 2454 695 2525 desolationem
716 2454 815 2549 regni,
841 2453 871 2523 in
894 2479 955 2550 quo
974 2454 1113 2551 quisquis
1182 2470 1184 2474 ’

256 2602 349 2660 tantae
374 2589 566 2686 paternitatis
595 2589 783 2660 reverentiae
810 2587 954 2671 detrahit,
983 2589 1111 2658 Romani

257 2719 387 2790 nominis
413 2719 594 2814 dignitatem
619 2718 725 2789 minuit
754 2731 786 2788 et
812 2718 951 2789 offendit.
1004 2719 1111 2790 Gladio

257 2852 385 2950 proinde
403 2852 505 2924 Sancti
527 2852 660 2950 Spiritus
683 2851 783 2921 omnis
802 2864 852 2922 est
870 2865 1007 2949 apostata
1024 2877 1112 2923 coer-

258 2985 385 3070 cenduS,
411 2969 618 3082 induendique
642 2998 713 3055 sunt
729 3011 821 3055 mann
839 2997 889 3054 tua
908 2984 1000 3054 lorica
1015 2984 1112 3080 justi-

256 3118 317 3200 tiae,
333 3143 412 3215 quos
428 3118 512 3212 rigor
524 3115 741 3188 ecclesiasticae
751 3115 920 3188 circumdat
932 3115 1108 3213 disciplinae.

257 3249 417 3320 Balthasar
437 3248 520 3318 enim
536 3246 575 3318 ad
592 3246 799 3344 dispergenda
817 3274 890 3317 vasa
910 3246 1021 3318 domus
1041 3251 1112 3316 Do-

256 3381 328 3452 mini
346 3407 455 3452 manus
469 3381 533 3478 jam
549 3379 663 3477 ubique
682 3378 821 3450 extendit
837 3378 968 3476 pollutas
984 3379 1014 3449 in
1036 3405 1112 3448 see-

256 3513 332 3599 lere,
368 3539 461 3611 quem
495 3526 639 3610 tanquam
674 3511 829 3584 Malchnm
862 3511 1043 3581 saevientem
1082 3512 1112 3582 in

257 3646 424 3730 Christum,
446 3645 633 3716 auctoritatis
654 3643 830 3741 apostolioae
845 3643 1043 3741 persequaris
1062 3644 1113 3715 ul-

257 3780 350 3850 tione,
403 3777 476 3850 Ozia
490 3779 673 3849 titubantem
690 3777 824 3874 undique
839 3776 918 3874 apud
936 3803 994 3847 nos
1010 3802 1113 3848 aream

259 3911 376 3982 Domini
401 3911 525 4007 indigne
551 3937 642 3980 manu
670 3909 756 4006 quasi
783 3908 924 3979 sustinet.
981 3907 1044 3978 Sed
1066 3921 1110 3989 tu,
