3038 5036
400 685 468 752 190
603 708 716 754 osanam
733 709 769 756 nr
789 709 881 755 aaran
898 709 1046 756 rrrsrotn.

395 864 520 950 idcirco,
539 866 671 938 Domina
688 891 769 951 mea,
784 867 970 964 comparasti
987 867 1040 940 tibi
1054 867 1181 939 militem
1195 894 1260 940 non

397 997 550 1084 inutilem,
580 1011 613 1068 et
633 998 766 1069 amioum
788 997 1009 1094 infatigabilem
1032 1025 1095 1070 non
1115 1024 1179 1070 aere
1200 999 1259 1070 sed

398 1155 504 1202 amore
534 1129 704 1202 redemisti.
758 1133 942 1230 Quanquam
971 1146 1003 1202 et
1030 1131 1160 1203 dextera
1188 1157 1260 1204 mea
1311 1095 1319 1114 Ι

399 1262 458 1332 tuis
478 1262 517 1332 sit
539 1261 692 1334 cumulata
713 1262 907 1346 muneribus,
929 1275 961 1334 et
978 1265 1087 1360 praetio
1111 1264 1262 1360 largitatis

400 1407 461 1464 tuae
479 1408 510 1464 et
526 1393 671 1466 donativo
688 1393 897 1491 resplendeat.
936 1453 941 1463 .
999 1453 1005 1464 .
1062 1453 1067 1464 .
1124 1453 1129 1463 .

505 1621 654 1691 SPECULUM
672 1644 856 1690 vtttuttttrnrts
874 1645 900 1688 tlt
919 1644 1009 1689 BEATA
1026 1619 1152 1690 Cautum.

448 1819 624 1892 Clarissima
642 1820 744 1915 virgo,
769 1819 831 1890 imo
852 1843 1004 1914 generosa
1028 1820 1145 1915 virago,
1169 1819 1260 1890 beata

401 1951 523 2036 Ceeilia,
547 1965 622 2049 quot
644 1951 763 2023 fructus
786 1951 920 2022 Domino
949 1951 1059 2024 dieitur
1085 1951 1258 2050 peperisse,

401 2083 528 2157 candida
545 2087 633 2182 eujus
650 2085 810 2182 virginitas
826 2111 917 2158 rosea
933 2085 1099 2158 decoratur
1115 2085 1261 2184 passione

402 2219 517 2316 byssus
533 2231 565 2288 et
577 2245 711 2316 purpura
728 2218 942 2291 indumentum
959 2220 1037 2316 ejus,
1053 2218 1122 2316 quia
1135 2242 1262 2289 carnem

401 2377 488 2420 suam
516 2350 603 2447 virgo
632 2350 699 2421 sine
725 2350 843 2422 macula
869 2351 1023 2447 integram
1045 2347 1258 2432 conservavit,

402 2481 595 2579 eandemque
622 2481 771 2577 sanguine
798 2507 854 2552 suo
886 2506 1043 2580 purpureo
1068 2479 1261 2576 Angelorum

403 2614 470 2710 regi
484 2629 516 2686 et
527 2615 659 2687 Domino
672 2615 841 2686 dedicavit!
894 2614 972 2700 Quia
984 2614 1076 2710 igitur
1088 2611 1262 2711 pontificale

403 2772 465 2817 non
484 2746 662 2819 loemineum
679 2747 709 2818 in
728 2761 833 2819 sancta
846 2746 1065 2845 praedicatione
1077 2745 1174 2842 gessit
1186 2744 1263 2815 olli-

404 2878 496 2962 cium,
516 2879 597 2950 inter
613 2906 754 2952 summos
769 2881 910 2952 ecolesiae
924 2881 1074 2952 Romanae
1087 2875 1260 2976 pontifices,

405 3009 539 3083 donante
562 3013 706 3096 Domino,
729 3013 836 3084 sortita
862 3025 911 3084 est
931 3012 1120 3110 sepulerum.
1171 3008 1263 3082 Nulla

405 3155 477 3213 ante
496 3142 576 3213 illam
596 3141 721 3214 loemina
740 3141 831 3238 hujus
847 3141 1063 3240 praerogativae
1084 3138 1263 3236 dignitatem

407 3274 552 3358 obtinuit,
585 3300 687 3372 neque
718 3289 789 3373 post
818 3274 899 3345 illam
933 3273 1085 3344 obtinebit
1122 3271 1261 3342 ulterius.

407 3406 523 3504 Legisti
552 3405 592 3478 de
616 3406 665 3478 illa
688 3406 843 3505 quomodo
867 3406 926 3477 sub
956 3403 1111 3477 deauratis
1138 3428 1263 3475 earnem

407 3567 494 3612 suam
510 3540 604 3612 silicio
621 3541 703 3612 trivit
719 3540 862 3625 induviis,
876 3537 1031 3636 quomodo
1044 3537 1075 3608 in
1086 3536 1180 3608 corde
1192 3561 1264 3607 oan-

408 3673 491 3744 tabat
499 3673 830 3744 Dominoeantantibus
839 3671 1075 3769 organiS,quam
1085 3667 1265 3740 familiarem

406 3803 562 3900 Angelum
586 3818 726 3876 sanetum
748 3803 907 3888 habuerit,
934 3799 1090 3900 quomodo
1111 3823 1265 3898 pauperes

406 3932 519 4004 Christi
539 3932 804 4032 benedictionibus
822 3931 885 4003 suis
903 3931 933 4001 in
950 3930 999 4002 via
1015 3928 1115 4026 Appia
1133 3939 1266 3999 susten-
