3012 5040
406 716 475 786 tbt
609 741 721 786 usurum
740 740 775 786 mr
792 741 882 786 cmm
901 741 1049 786 urrsruum.

401 899 481 969 cium
498 897 562 969 tuli.
615 896 679 969 Sed
699 897 796 967 breve
818 897 932 994 putabo
954 897 1068 966 malum
1090 893 1172 992 quud
1196 893 1259 964 line

401 1030 520 1102 meliori
534 1029 759 1113 terminabitur,
775 1042 807 1099 et

390 1195 392 1200 '
465 1197 561 1248 Flebile
575 1197 733 1261 principium
746 1196 808 1246 felix
824 1193 930 1246 Fortuna
943 1199 1077 1257 sequetur.

449 1428 503 1498 llle
521 1428 571 1525 qui
584 1427 720 1497 omnium
734 1426 916 1524 sapientium
930 1427 1085 1497 mentibus
1097 1425 1257 1524 praesidet‚
1334 1439 1338 1448 '

400 1561 498 1642 Deus,
514 1558 570 1629 scit
584 1583 634 1628 me
652 1584 806 1655 nunquam
819 1557 1031 1653 magistratum
1047 1556 1103 1628 nisi
1118 1558 1158 1628 ob
1175 1583 1260 1628 com-

401 1717 527 1762 munem
552 1690 655 1789 populi
681 1690 737 1760 Dei
755 1690 917 1761 utilitatem
934 1690 1087 1773 voluisse3
1108 1704 1140 1760 et
1164 1716 1259 1787 quum

401 1848 513 1918 graves
526 1822 671 1917 ingruere
689 1819 858 1918 coepissent
871 1819 1066 1917 immitesque
1083 1819 1256 1901 discordiae,

400 1979 457 2050 pro
476 1951 619 2050 personis
641 1964 674 2022 et
694 1949 783 2033 odiis,
803 1977 859 2048 pro
876 1949 944 2020 loco
964 1964 995 2020 et
1016 1963 1168 2048 tempore,
1187 1975 1258 2021 cum

401 2083 571 2155 constantia
589 2082 680 2153 animi
700 2081 737 2153 ad
754 2081 820 2153 loca
839 2081 894 2153 alia
913 2081 1052 2152 sitienter
1072 2082 1253 2178 emigrasse.

399 2218 467 2286 Nec
485 2215 608 2286 dubites
626 2239 677 2284 me
694 2212 809 2284 habere
827 2212 898 2284 illud
918 2213 948 2283 iu
966 2239 1027 2296 me,
1043 2213 1126 2311 quud
1144 2241 1160 2284 a
1177 2239 1259 2310 quo·
1314 2261 1320 2270 ·

400 2346 472 2417 dam
490 2345 578 2417 didici
600 2345 759 2443 sapiente:
781 2343 905 2415 Nullum
928 2344 1046 2441 (inquit)
1069 2345 1184 2415 bonum
1199 2343 1260 2415 ad-

396 2480 483 2575 juvat
506 2477 684 2559 habentem,
708 2474 764 2545 nisi
787 2473 824 2544 ad
844 2474 930 2570 eujus
951 2474 1148 2546 amissionem
1169 2500 1259 2572 prae—

401 2624 525 2708 paratus
546 2621 595 2680 est
620 2607 749 2679 animus.
802 2605 923 2676 Nullius
947 2620 1052 2678 autem
1074 2607 1119 2677 rei
1143 2607 1260 2678 felicior

401 2741 525 2813 amissio
543 2756 602 2824 est,
619 2766 711 2838 quam
724 2763 795 2836 quae
812 2738 982 2810 desiderari
1000 2740 1112 2811 amissa
1130 2765 1191 2809 non
1204 2765 1261 2837 pu-

401 2887 473 2944 test.
527 2873 578 2943 Sic
591 2872 677 2944 amisi
690 2871 829 2969 prolecto
843 2871 925 2969 qued
941 2871 1044 2956 habui,
1060 2885 1093 2942 ut
1106 2897 1156 2941 me
1170 2871 1260 2942 dolor

401 3004 471 3074 inde
489 3030 551 3074 nou
568 3003 694 3088 cruciet,
715 3027 773 3073 nec
786 3029 894 3073 rursus
910 3002 1043 3074 habendi
1061 3002 1194 3074 studium
1207 3017 1261 3074 aut

400 3136 543 3206 voluntas
571 3135 689 3206 invitet.
743 3137 777 3204 ln
802 3133 920 3205 honore
944 3135 1026 3205 enim
1051 3149 1084 3206 et
1109 3135 1205 3231 gloria
1227 3149 1261 3206 et

401 3266 511 3362 gaudio
530 3267 663 3338 maximo
680 3281 772 3365 atque
790 3267 921 3365 tripudio
938 3268 999 3340 vita
1017 3293 1086 3338 mea
1100 3280 1163 3338 tota
1182 3269 1260 3338 sub-

401 3399 490 3482 sistit,
511 3411 542 3469 et
563 3425 625 3468 nun
645 3413 678 3470 ut
696 3398 834 3496 plerique
856 3399 937 3470 inter
959 3399 1067 3470 mertis
1091 3412 1207 3470 metum
1228 3413 1262 3470 et

400 3531 472 3602 vitae
498 3544 686 3602 tormentum
708 3530 813 3601 miseri
837 3530 1000 3616 lluctuant3
1026 3532 1133 3604 volunt
1151 3532 1261 3603 vivere

400 3675 432 3732 et
446 3663 524 3733 mori
542 3663 693 3734 nesciunt.
745 3664 816 3758 Ego
833 3663 905 3733 mihi
919 3662 1085 3760 jucundam
1100 3664 1194 3735 vitam
1218 3665 1233 3734 l
1248 3709 1262 3718 -

399 3793 457 3877 cio,
486 3819 610 3864 omnem
637 3820 694 3891 pru
721 3793 769 3864 illa
795 3795 1027 3866 sollicitudinem
1053 3795 1259 3893 deponend03

400 3951 462 3996 non
490 3925 573 4023 quud
599 3938 716 4024 praesto
743 3951 805 3996 non
836 3926 893 3996 sim
922 3953 980 4024 pro
1011 3927 1135 4002 Christo
1161 3941 1194 3997 et
1230 3927 1263 3998 in
