3050 5040
439 713 484 784 :tl
647 738 1077 783 musronnnnnunnrrnostrum

438 908 467 968 te
484 897 600 968 diceret
612 926 618 966 :
630 899 713 968 Ecce
727 897 806 968 filius
822 909 902 980 tuus;
923 912 953 969 ct
969 898 1022 968 tibi
1036 897 1075 968 de
1088 913 1185 968 matre
1203 925 1292 996 aeque

437 1029 640 1101 conceditur:
661 1032 743 1102 Ecce
765 1043 866 1100 mater
884 1043 952 1110 tua;
1004 1030 1160 1101 lohannes
1186 1031 1235 1128 qui
1262 1031 1292 1100 in

436 1165 567 1236 ferventi
588 1165 705 1262 positus
724 1164 793 1235 oleo
813 1191 874 1234 non
893 1165 1006 1248 arsisti,
1031 1179 1092 1235 tuae
1111 1165 1293 1260 virginitatis

436 1293 644 1396 praemorente
661 1296 834 1392 refrigerio,
854 1322 894 1368 ne
912 1298 1052 1368 saevienti
1075 1298 1225 1393 flagrares
1243 1299 1294 1367 in-

436 1429 583 1500 cendio...
595 1428 657 1498 Sed
671 1455 732 1526 quo
746 1428 904 1526 protraho,
919 1442 968 1500 tua
979 1430 1097 1514 ancilla,
1111 1456 1213 1500 meam
1226 1457 1294 1500 om-

407 1607 410 1614 ·
437 1563 553 1632 tionem
574 1585 643 1658 quae
662 1575 743 1630 tuam
767 1561 891 1658 assequi
915 1587 977 1631 non
1003 1563 1092 1632 valeo
1115 1562 1293 1632 admiratio-

437 1699 527 1765 nem?
544 1694 710 1777 lohannes
730 1693 843 1790 itaque,
864 1693 913 1791 qui
929 1694 958 1763 in
972 1694 1062 1764 exilio
1079 1695 1198 1792 positus
1213 1695 1294 1763 inter

437 1827 565 1921 angelos
585 1824 725 1907 vivebas
750 1825 799 1921 qui
818 1824 856 1894 ad
877 1824 919 1895 tui
938 1825 1122 1922 praesulatus
1139 1825 1293 1896 civitatem

436 1959 552 2028 relatus
565 1969 705 2026 mortuos
722 1956 940 2042 resuscitabas,
954 1957 1039 2028 virus
1052 1958 1182 2028 bibebas
1192 1971 1293 2027 elnon

437 2090 578 2173 curabas,
594 2087 710 2185 lapides
727 2087 755 2156 in
776 2111 927 2182 gemmas,
948 2089 1028 2184 ligna
1049 2089 1079 2158 in
1096 2116 1203 2160 aurum
1216 2115 1295 2158 con-

435 2221 598 2302 vertebas,
623 2219 758 2316 itemque
781 2217 891 2288 eadem
914 2219 952 2289 ad
977 2220 1133 2317 propriam
1155 2233 1294 2290 naturam

439 2353 645 2436 reformabas;
670 2349 826 2421 lohannes
843 2350 891 2420 cui
914 2351 1093 2421 inveritate
1119 2351 1294 2421 senescenti

437 2512 507 2556 cum
526 2483 698 2580 agminibus
720 2483 912 2579 angelorum,
935 2496 967 2554 et
987 2511 1057 2554 cum
1077 2498 1184 2554 senatu
1206 2511 1296 2581 apos-

439 2618 570 2688 tolorum
584 2643 722 2688 summus
735 2617 783 2687 ille
794 2617 972 2714 imperator,
986 2617 1032 2686 cui
1044 2599 1294 2687 victoriosissime

439 2750 635 2832 militaveraS,
646 2759 717 2817 ante
731 2759 815 2818 tuum
830 2746 923 2817 finem
934 2747 1129 2818 dulcissimus
1142 2747 1291 2846 apparuit,

439 2882 492 2952 tibi
502 2880 643 2978 inquiens
660 2879 771 2964 :Veni
791 2878 902 2949 dilecte
917 2879 969 2962 mi,
985 2880 1162 2976 epulaturus
1176 2881 1205 2949 in
1217 2907 1291 2950 eon-

438 3014 520 3085 vivio
542 3038 613 3082 meo
635 3037 705 3081 cum
728 3011 874 3080 fratribus
898 3010 958 3080 tuis
980 3038 1111 3107 quorum
1132 3012 1294 3108 collegium

439 3144 538 3240 longis
560 3143 698 3240 suspiriis
721 3143 910 3240 expectasti3
962 3142 1117 3214 lohannes
1138 3145 1188 3240 qui
1212 3157 1294 3215 tanta

438 3277 629 3347 confortatus
642 3273 863 3358 consolatione,
882 3299 986 3344 sacras
999 3274 1037 3344 ad
1054 3302 1124 3345 aras
1137 3288 1204 3346 tuas
1214 3276 1296 3345 insu-

437 3409 516 3479 latus
527 3407 665 3503 insigniis
673 3406 840 3490 accessisti,
851 3417 936 3476 tuum
947 3407 1092 3504 populum
1104 3407 1252 3491 salutasti,
1265 3407 1295 3476 in

439 3540 592 3611 definienti
613 3540 735 3624 viatico,
758 3539 840 3636 quod
857 3539 924 3636 ipse
947 3539 1007 3608 tuis
1024 3539 1166 3609 manibus
1182 3539 1257 3609 conl
1274 3581 1296 3590 -

438 3698 544 3756 ceras,
560 3685 610 3742 tua
624 3685 762 3742 extrema
781 3671 1012 3755 communuisti,
1033 3683 1124 3768 atque
1139 3671 1209 3741 indo
1229 3671 1297 3741 los-

440 3830 508 3874 sum
520 3815 579 3874 tuae
588 3803 755 3900 sepulturae
764 3803 865 3873 locum
875 3802 1035 3872 incolumis
1043 3802 1185 3887 introisti,
1194 3803 1296 3900 ibique

440 3936 630 4008 solemnibus
655 3937 684 4005 in
707 3935 913 4030 singularibus
934 3935 1089 4032 exsequiis
1110 3935 1299 4032 compositus
