3038 5036
454 783 565 828 osannrr
583 781 616 827 ns
634 782 725 828 cnara
742 781 888 828 nrrsronn.
1034 758 1095 824 l8l
1170 797 1173 801 -

248 965 343 1011 nuces
362 940 483 1038 pariunt
504 953 536 1010 et
553 940 630 1010 mala
652 954 779 1036 granata
784 996 1101 1009 ......

296 1043 438 1142 Praeesse
450 1096 501 1142 me
515 1071 652 1168 parvulae
662 1071 773 1142 domus
786 1071 907 1142 lamiliae
918 1071 1019 1166 coegit
1031 1067 1106 1140 obe-

248 1200 373 1287 dientia,
388 1228 458 1300 quae
474 1215 545 1274 ante
559 1203 758 1274 reformatam
775 1229 884 1301 pacem
901 1203 932 1274 in
951 1215 1106 1274 transacto

248 1335 412 1431 praesentis
429 1335 498 1406 anni
518 1348 670 1434 ternpore,
690 1360 747 1434 per
763 1333 1033 1431 circumcingentia
1049 1361 1107 1405 nos

248 1466 382 1565 quinque
394 1469 520 1539 castella
530 1481 579 1539 est
591 1493 673 1566 pene
686 1467 855 1538 destructa.
908 1469 1023 1538 Panem
1035 1480 1107 1538 tan-

249 1612 314 1670 turn
331 1599 441 1685 adhuc,
460 1604 528 1672 Deo
548 1601 673 1698 gratias,
691 1601 842 1672 habemus
858 1614 890 1671 et
906 1613 1028 1698 potum;
1049 1600 1105 1670 sed

249 1731 288 1802 ad
315 1745 429 1804 caetera
459 1759 530 1832 quae
557 1747 676 1806 restant
705 1733 845 1806 victualia
875 1733 990 1804 nullum
1017 1732 1107 1802 nobis

249 1863 425 1960 suppeditat
441 1865 472 1935 in
490 1866 676 1936 necessitate
695 1864 875 1963 subsidium.
929 1863 1046 1936 Idcirco
1067 1863 1107 1934 de

248 1994 438 2067 liberalitatis
454 2010 516 2069 tuae
528 1998 664 2094 virgulto
677 1998 811 2069 fructum
824 1997 957 2095 aliquem
971 1996 1104 2094 postulo,

249 2128 300 2225 qui
320 2154 371 2200 me
389 2157 406 2200 a
424 2129 603 2202 domesticae
626 2129 864 2202 necessitudinis
886 2128 1030 2227 expediat
1047 2127 1106 2199 de-

250 2271 406 2331 trimento.
469 2318 1102 2330 ...........

347 2529 548 2600 EPISTOLA
569 2529 731 2599 XXXVII.
749 2527 860 2598 -An
879 2551 1010 2598 sunrunss

503 2663 846 2732 Wssruunnsrnnrnnsus.

252 2843 499 2914 Conversationt's
538 2845 666 2942 eqreqioe
699 2843 870 2914 senioribus
907 2845 940 2913 r'n
977 2840 1107 2911 coenolu'o

302 2975 620 3046 westmonasteriensi
639 2976 787 3046 celorum
810 2977 943 3046 Dorulato
962 2973 1107 3043 militan-

298 3106 388 3186 tibus
411 3131 571 3177 conservus
586 3133 691 3177 eorum
713 3121 741 3177 et
760 3109 794 3177 t‘a
814 3106 938 3177 Christo
953 3103 1108 3200 confrater

300 3238 446 3310 osbertus
471 3239 508 3310 dc
535 3239 645 3320 Clara,
673 3242 782 3340 muqni
807 3239 931 3310 consilii
954 3236 1108 3334 Anqelunt

297 3398 415 3468 semper
431 3373 466 3442 in
482 3374 549 3442 suis
567 3371 675 3442 labere
691 3372 830 3442 consiliis
847 3371 953 3440 ducem
970 3339 998 3440 it
1009 3370 1108 3466 prin—

297 3505 406 3601 cipem,
428 3519 463 3574 ct
480 3504 518 3574 ab
542 3531 574 3575 eo
594 3504 759 3575 doceantur
782 3506 868 3574 vium
889 3500 1107 3572 mundatorum

297 3637 357 3707 Del
366 3663 538 3734 coqanscere
551 3651 579 3707 ct
590 3651 689 3707 tenere
701 3638 767 3706 veri
774 3634 893 3732 judicii
903 3660 974 3704 curn
987 3631 1106 3702 discre-

298 3769 376 3839 tione
392 3770 560 3838 veritatem.

297 3980 416 4052 Delatae
429 3995 501 4053 sunt
515 3983 553 4054 ad
571 4009 739 4080 nasusque
755 4008 794 4053 ex
808 3979 988 4052 auctoritate
1000 3990 1105 4048 vestra
