3050 5040
428 723 860 772 urrsronnnrranrnrrnosrncs.
1031 701 1075 771 45

216 891 361 951 veterum
383 893 416 951 et
438 907 588 952 novarum
612 881 821 953 doctrinarum
844 882 990 953 doctores
1011 882 1079 953 fieri

216 1012 419 1110 praecipiunt‘t
470 1015 622 1086 Tractabo
648 1016 701 1087 tibi
728 1015 768 1086 de
789 1015 873 1087 fide?
896 1016 952 1088 sed
977 1016 1080 1087 credis

218 1146 248 1216 in
258 1147 383 1216 Patrem
396 1158 428 1217 et
437 1146 547 1218 Filium
561 1160 592 1217 ct
606 1147 754 1245 Spiritum
766 1149 925 1233 Sanctum,
939 1175 1035 1219 unum
1049 1161 1081 1218 et

218 1279 334 1350 trinum
354 1282 467 1362 Deum,
489 1307 585 1350 unum
608 1281 637 1350 in
659 1280 865 1352 indifferentia
885 1282 1077 1371 substantiae,

218 1411 333 1481 trinum
357 1412 388 1482 in
411 1438 617 1510 personarum
640 1413 839 1512 proprietate.
900 1413 1080 1484 Praedicabo

219 1543 273 1613 tibi
291 1549 418 1614 mores?
432 1543 489 1614 sed
498 1544 665 1641 requiescit
676 1544 705 1614 in
720 1557 750 1615 te
765 1544 908 1628 charitas,
924 1545 1078 1640 gaudium,

218 1701 292 1772 pax,
314 1675 471 1772 patientia,
500 1675 634 1757 bonitas,
661 1675 848 1771 benignitas
877 1676 1081 1747 mansuetudo

219 1807 384 1892 modestia,
412 1807 611 1891 continentia,
639 1808 774 1878 castitas.
829 1809 973 1879 Suadebo
999 1810 1081 1880 benc

219 1941 352 2012 vivere?
373 1940 430 2011 sed
452 1941 605 2012 continuis
626 1966 794 2038 permanes
813 1941 843 2012 in
866 1942 1084 2012 ecclesiasticis

221 2073 342 2158 officiis,
361 2073 528 2156 matutinis
544 2073 699 2158 videlicet,
718 2074 837 2172 primic,
850 2074 959 2158 tertie,
973 2074 1080 2156 sextis,

220 2204 323 2288 nonis,
339 2205 493 2302 vesperis
512 2204 734 2303 completoriis.
788 2205 925 2274 'Laboras
939 2205 968 2274 in
983 2205 1085 2303 scrip-

220 2340 310 2421 turiS,
329 2353 361 2409 et
378 2339 459 2409 nulla
476 2339 710 2436 intercapedine
728 2353 814 2409 tuum
830 2338 962 2410 studium
981 2355 1084 2410 cessat

219 2500 235 2542 a
255 2471 409 2568 religiosis
426 2469 584 2568 operibus.
640 2470 740 2540 Sedes
762 2469 792 2539 in
813 2469 959 2553 claustro,
980 2483 1011 2540 et
1027 2470 1084 2540 lin-

220 2629 314 2699 guam
331 2603 506 2686 refrenans,
528 2616 598 2672 tuos
622 2602 714 2672 etiam
737 2601 850 2695 digitos
869 2601 908 2670 ab
927 2600 1083 2673 inutilibus

220 2736 318 2832 signis
337 2761 477 2806 coerces.
532 2735 614 2830 Quid
629 2735 722 2830 igitur
742 2735 795 2805 tibi
818 2733 972 2804 scribam?
1023 2733 1084 2803 lllis

219 2866 384 2939 duodecim
399 2891 476 2937 vere
490 2865 669 2936 humilitatis
685 2864 833 2960 gradibus
846 2865 996 2948 ascensis,
1013 2889 1085 2934 can-

219 3001 315 3070 ticum
333 2998 484 3094 graduum
503 3010 621 3080 cantas,
643 2997 694 3067 illo
712 3009 921 3094 perventurus
938 2996 968 3066 in
986 2996 1084 3090 virgi—

220 3133 317 3204 nitatc
336 3143 386 3202 tua
404 3130 456 3200 ubi
475 3130 556 3199 inter
572 3155 647 3200 suos
659 3129 799 3224 virgines
816 3128 968 3199 canticum
983 3142 1085 3199 cantat

220 3266 349 3361 Agnus3
378 3262 440 3347 ille,
464 3261 601 3359 inquam,
625 3255 737 3356 Agrius
760 3260 913 3330 maximus
936 3259 987 3357 qui
1008 3259 1083 3330 tollit

221 3409 348 3495 peccata
365 3393 483 3478 mundi,
504 3392 587 3490 quod
603 3392 704 3464 nullus
720 3405 823 3462 cantat
840 3390 896 3460 nisi
916 3391 1005 3486 virgo
1019 3403 1051 3460 ct
1067 3391 1085 3460 ii

221 3529 274 3627 qui
301 3540 473 3624 sequuntur
498 3525 624 3620 Agrium
650 3549 845 3622 quocumque
875 3523 953 3592 ierit.
1012 3523 1085 3593 ltluc

222 3662 315 3756 igitur
336 3659 536 3758 perveniens,
558 3684 620 3728 non
642 3658 721 3728 ultra
743 3656 959 3727 recordaberis
977 3669 1085 3726 terre-

221 3818 332 3862 narum
352 3790 530 3861 deliciarum
548 3815 626 3887 quas
647 3803 776 3886 propter
793 3788 939 3858 coelcstes
965 3786 1086 3857 divitias

221 3925 380 3997 dimisisti:
409 3951 471 3995 non
496 3925 573 3994 ultra
596 3922 814 3993 recordaberis
840 3921 935 4018 patris
962 3933 990 3989 et
1021 3946 1085 3988 ma-
