3012 5040
457 715 593 761 rrisroun
607 713 740 760 unitarum
757 703 889 758 uosrucra.¹
1058 685 1103 758 79

249 876 392 974 plectitur
412 898 529 944 amore.
582 873 691 968 Legite
716 897 793 966 ergo
815 871 1016 955 dialecticam,
1040 859 1107 939 idus

249 1005 474 1076 ordinationem
499 1029 617 1086 meam,
646 1002 742 1072 altiori
779 1027 847 1072 eam
875 1000 976 1072 studio
1010 1026 1107 1098 repe-

251 1139 333 1208 tituri
347 1138 501 1220 continuo,
520 1137 546 1206 si
562 1148 670 1207 vester
685 1134 849 1230 neglectus
862 1160 924 1204 nou
940 1133 1105 1204 obstiterit.

252 1271 361 1340 Scribe
379 1269 453 1339 mihi
472 1269 654 1366 frequenter
669 1267 823 1365 prosaice,
839 1279 872 1336 et
888 1265 1108 1363 proprietatem

253 1401 421 1473 dictionum
442 1415 474 1471 et
499 1400 724 1471 sententiarum
745 1397 908 1494 diligenter
936 1396 1061 1468 attende
1081 1397 1109 1465 in

254 1533 406 1631 scriptura
423 1547 485 1603 tua.

253 1751 456 1821 EPlSTOLA
473 1751 621 1821 XLII.—

487 1916 654 1986 Hnnrnnrus
668 1916 877 1986 Noawrouusrs.

305 2063 515 2161 Conquereris
527 2063 567 2134 de
580 2089 643 2148 mc,
660 2077 692 2135 et
708 2064 794 2135 velut
808 2089 909 2134 meam
922 2085 1049 2134 accusas
1060 2063 1114 2132 in-

256 2195 369 2266 vidiam
394 2193 478 2293 quod
499 2209 531 2265 te
556 2219 619 2266 non
642 2195 788 2292 permitto
811 2196 935 2292 legere,
955 2220 1013 2265 nee
1035 2221 1115 2265 nos—

256 2342 376 2398 trorum
394 2325 579 2397 lectionibus
592 2327 743 2422 juvenum
763 2326 929 2397 interesse.
995 2327 1038 2396 At
1055 2351 1115 2420 ego

257 2485 318 2530 nec
332 2473 393 2530 tuae
411 2457 534 2530 invideo
548 2458 686 2529 scientiae
699 2483 758 2529 nec
776 2473 807 2530 te
826 2459 1009 2530 lectionibus
1023 2460 1117 2555 juve-

259 2619 333 2662 num
345 2590 495 2689 prohibeo
513 2591 678 2662 interesse.
729 2594 801 2662 Non
815 2606 918 2662 mutor
932 2591 996 2676 tibi,
1014 2615 1116 2688 neque

259 2739 427 2798 extraneus
449 2725 507 2810 fi0;
532 2725 631 2824 qualis
649 2725 689 2796 lui
707 2725 872 2811 hactenuS,
891 2726 959 2798 talis
977 2727 1031 2798 tihi
1049 2753 1119 2796 ma-

260 2883 335 2943 neo,
355 2872 487 2956 excepto
504 2857 588 2954 quod
614 2871 763 2956 quantum
781 2859 953 2955 religiosior
970 2859 1116 2943 efficeris⁷

261 3003 381 3060 tantum
398 2990 478 3060 circa
499 3003 531 3060 te
551 3014 621 3060 mea
640 2988 762 3061 dilectio
780 2988 915 3088 quotidie
940 3005 1117 3074 excrescet,

261 3124 346 3219 Lege
365 3121 456 3218 igitur
473 3137 506 3192 et
528 3121 613 3194 disce
638 3136 786 3221 quantum
804 3123 863 3207 vis,
888 3137 920 3192 et
936 3122 988 3193 uhi
1009 3123 1067 3207 vis,
1089 3138 1121 3193 et

262 3253 301 3324 de
313 3265 442 3352 peccato
456 3267 507 3324 tuo
521 3267 682 3352 peccatum
700 3280 805 3324 meum
822 3281 883 3324 non
902 3254 1004 3325 facias.
1032 3255 1121 3325 sub-

262 3385 399 3482 intelligo
420 3385 673 3458 undcclaudices
697 3399 729 3457 et
749 3383 832 3457 unde
854 3400 962 3457 exorta
983 3401 1032 3458 est
1053 3386 1121 3457 hac

264 3532 315 3588 tua
335 3517 497 3614 agritudo.
550 3517 647 3588 Vides
669 3517 724 3589 tibi
745 3517 892 3615 exequari
914 3517 1016 3588 socius
1037 3533 1119 3602 tuoe,

266 3665 298 3722 et
310 3650 486 3746 dedignaris
504 3650 621 3724 habere
635 3676 728 3750 pares
741 3651 853 3747 quibus
865 3677 927 3721 non
947 3665 1037 3749 potes
1052 3676 1123 3722 esse

266 3785 373 3879 major.
426 3785 475 3854 Ne
499 3783 608 3855 timeas
630 3809 693 3855 non
717 3781 862 3868 vinceris,
889 3783 914 3853 si
941 3783 1065 3882 quidem
1092 3797 1123 3854 te

268 3938 330 3984 non
343 3913 489 3986 habueris
501 3915 532 3984 in
550 3915 697 3988 fratribus
710 3917 771 3987 tuis
788 3915 967 3987 charitative
980 3929 1011 3986 et
1028 3914 1126 3985 humi-
