3012 5040
426 725 472 792 80
634 743 1064 790 urrsrouranunururraosmora.

424 903 494 972 liter
507 903 674 972 dilexeris?
709 901 792 972 Dicis
805 900 955 998 quosdam
972 925 1052 971 meae
1065 900 1131 970 fieri
1145 901 1284 995 ingratos

424 1035 588 1115 doctriuae,
617 1034 672 1104 sed
700 1060 760 1129 ego
787 1032 869 1104 diem
893 1032 1025 1103 hominis
1048 1058 1109 1103 non
1136 1031 1278 1104 attendo:

424 1167 464 1237 de
495 1167 573 1240 meis
598 1167 740 1238 omnibus
763 1165 854 1238 bonis
880 1165 958 1263 apud
983 1165 1161 1237 Norwioum
1187 1163 1284 1236 solius

424 1300 481 1372 Dei
499 1313 632 1398 expecto
651 1298 898 1372 retributionem.

448 1553 648 1624 EPlSTOLA
666 1555 761 1624 XLII.
777 1553 882 1623 -Au
899 1554 1080 1622 Wuumuun
1095 1552 1252 1622 Tunrruuu.

605 1770 772 1839 Hunuunrus
795 1769 956 1838 Wrmunm
975 1791 1092 1836 rurum.

470 1970 557 2037 Juste
580 1967 696 2038 irascor
721 1967 786 2050 tibi,
807 1980 840 2037 et
861 1965 1013 2062 condigna
1037 1963 1278 2036 stomachatione

422 2111 503 2169 tuam
522 2097 718 2195 reprehendo
737 2097 943 2182 insolentiam,
959 2096 1042 2195 quorl
1059 2123 1121 2167 uon
1139 2111 1201 2180 tuo,
1220 2096 1278 2167 sed

421 2253 476 2298 ore
493 2227 602 2313 alieno,
621 2228 663 2299 tui
680 2227 784 2300 cordis
805 2229 927 2300 voluisti
952 2228 1028 2300 meis
1045 2227 1169 2299 auribus
1182 2253 1279 2298 reve-

420 2361 484 2434 lare
508 2374 674 2432 secretum.
728 2361 771 2432 At
793 2374 843 2432 tua
865 2374 898 2432 et
921 2386 989 2432 mea
1011 2361 1111 2431 anima
1134 2385 1195 2430 nou
1217 2359 1278 2430 isto

420 2494 561 2566 amicitiae
581 2493 704 2566 viuculo
724 2494 1023 2590 conglutinabantur.
1078 2492 1186 2564 Scribe
1204 2492 1277 2563 mihi

420 2627 512 2721 igitur
533 2652 571 2697 ex
590 2627 632 2698 tui
649 2626 752 2698 cordis
770 2627 907 2700 incausto
926 2639 958 2696 et
975 2625 1089 2721 liuguae
1108 2639 1139 2696 et
1155 2638 1277 2696 tuarum

419 2784 565 2828 manuum
590 2758 718 2840 calamo,
748 2755 894 2855 quidquid
921 2756 982 2840 vm,
1011 2770 1042 2826 et
1067 2754 1179 2854 quibus
1206 2770 1277 2827 tuus

422 2889 542 2960 animus
558 2888 739 2960 sollicitetur
761 2887 907 2960 motibus.
949 2886 1071 2960 Medico
1082 2888 1220 2972 morbus,
1244 2903 1278 2958 et

420 3018 573 3091 sacerdoti
584 3019 751 3092 revelanda
765 3032 815 3090 est
828 3018 1028 3103 conscientia;
1049 3019 1093 3090 sic
1106 3043 1145 3088 ex
1155 3018 1277 3091 medico

420 3150 502 3224 salus
514 3163 546 3221 et
560 3177 598 3221 ex
614 3150 777 3224 sacerdote
792 3150 1003 3248 recipiendum
1018 3163 1067 3221 est
1079 3151 1248 3224 consilium.
1290 3213 1292 3218 .

541 3363 742 3434 EPISTOLA
763 3364 873 3434 XLlll.
891 3407 938 3415 —
952 3363 999 3434 An
1015 3365 1151 3486 lunera.

700 3533 870 3603 Huuaumus
888 3534 995 3602 Fuucr.

468 3679 643 3751 Herbertus
657 3695 756 3779 pater,
766 3667 860 3752 Felici
871 3680 943 3752 filio.
972 3681 1109 3778 Egregie
1122 3705 1276 3779 coeperas,

419 3823 451 3880 et
462 3823 545 3880 tuam
558 3809 799 3883 adolescentiam
810 3811 950 3884 honestis
966 3814 1139 3912 occupabas
1157 3811 1276 3884 studiis.

419 3941 586 4018 Scribebas
602 3944 810 4026 augustinum
828 3959 860 4016 et
877 3947 951 4016 tanti
965 3945 1102 4018 doctoris
1117 3945 1281 4016 coufirma—
1309 4021 1314 4036 Ι
