3050 5040
449 737 584 782 nmsronn
600 737 734 782 unaucurt
750 738 881 784 cosmon.
1050 719 1088 785 34

234 909 305 960 sem
322 892 485 963 eeclesiam
506 907 538 964 et
559 921 637 992 opus
662 895 803 966 ecclesiae
827 910 858 965 et
880 919 983 966 meum
1004 923 1096 967 com-

235 1023 352 1094 mendo
374 1024 438 1106 tibi,
458 1038 490 1095 et
507 1039 538 1096 te
556 1026 741 1096 commendo
766 1030 844 1097 Deo.
898 1028 930 1098 Si
952 1055 1022 1126 quae
1044 1030 1096 1101 tibi

235 1155 402 1240 defuerint,
414 1157 664 1255 adquiremutuo‚
676 1173 706 1229 et
717 1185 776 1254 ego
786 1159 922 1243 rediens,
937 1161 1095 1231 restituam

237 1287 341 1357 omnia
357 1287 417 1357 tuis
434 1287 651 1359 creditoribus.
705 1290 768 1358 Pax
784 1304 887 1360 tecum
905 1303 936 1360 et
955 1291 1097 1360 omnibus

237 1419 386 1489 fratribus
403 1421 453 1517 qui
471 1421 501 1490 in
519 1419 687 1491 humilitate
707 1434 738 1490 et
755 1421 885 1492 veritate
900 1435 1001 1492 tecum
1020 1448 1098 1492 con-

237 1564 365 1622 servant
377 1566 492 1623 nostrae
507 1553 624 1647 regulae
639 1553 820 1648 religionem
831 1553 862 1623 in
873 1553 964 1624 domo
979 1568 1094 1624 nostra.

264 1853 464 1922 EPISTOLA
488 1854 570 1922 XVl.
593 1897 640 1905 —
658 1854 705 1924 An
723 1855 890 1924 Gorrmncu
907 1878 1069 1924 uouscncu.

423 2020 590 2088 llnnmarus
607 2018 752 2088 Gonrnmo
769 2043 910 2088 nonnum.

289 2215 455 2284 Multorum
470 2214 621 2309 religione
633 2213 765 2308 cognovi
780 2227 810 2284 te
828 2215 886 2284 tuis
899 2213 1031 2284 reditum
1045 2241 1099 2284 ne-

237 2348 404 2443 gligentiis
422 2347 460 2418 ad
475 2347 634 2443 antiquum
662 2372 821 2418 remeasse
840 2361 999 2444 torporem
1019 2375 1026 2416 :
1045 2375 1099 2417 ra-

239 2507 294 2550 rus
310 2479 341 2549 in
358 2478 502 2561 claustro,
524 2478 687 2549 continuus
702 2478 732 2548 in
751 2477 918 2560 auditoriis,
938 2477 1044 2548 tardus
1060 2479 1098 2549 ad

239 2613 420 2695 ecclesiam,
450 2612 542 2682 velox
567 2611 596 2681 in
626 2611 725 2694 curia,
757 2623 788 2680 et
811 2609 1098 2705 circumjacentibus

240 2745 351 2843 plateis
377 2745 558 2841 frequenter
586 2743 734 2814 minueris
757 2757 790 2814 et
810 2743 991 2840 frequenter
1017 2745 1098 2814 ban—

240 2879 353 2950 nearis.
370 2879 468 2950 Coras
480 2889 595 2960 cutem,
609 2875 714 2974 perdis
727 2876 871 2959 animam,
881 2888 913 2946 et
923 2902 985 2946 non
996 2876 1095 2947 solum

240 3025 336 3094 tuam,
349 3010 404 3082 sed
419 3009 560 3080 fortassis
573 3008 689 3106 aliquas
701 3034 740 3079 cx
752 3008 797 3078 eis
808 3034 885 3106 quas
896 3020 948 3079 tuo
957 3008 1097 3103 regimini

241 3142 543 3214 commendaveram.
608 3141 752 3212 Haeccine
781 3153 830 3211 est
861 3139 908 3210 illa
937 3140 1097 3211 retributio

240 3302 333 3374 quam
351 3274 422 3345 milri
438 3274 626 3372 promiseras
644 3301 701 3372 pro
720 3286 807 3371 patre
825 3287 974 3344 veterano
993 3287 1025 3343 et
1042 3301 1098 3370 pro

241 3409 383 3507 septenni
401 3421 472 3479 nato
494 3435 571 3506 quos
593 3434 653 3504 ego
671 3409 780 3504 collegi
805 3408 835 3478 in
853 3407 945 3478 domo
963 3409 1020 3478 Dei
1041 3435 1097 3505 pro

144 3577 150 3590 ·
241 3565 348 3610 amorc
366 3544 440 3610 tuo?
491 3540 587 3608 Erras
604 3539 749 3623 multum,
770 3537 890 3608 etmihi
908 3539 1005 3609 lactus
1023 3539 1096 3608 ino-

240 3672 382 3756 bediens,
403 3671 492 3742 inerti
510 3670 629 3764 ignavia
647 3623 832 3767 promissum
849 3670 969 3740 violasti
990 3670 1097 3740 servo-

240 3829 319 3874 rem.
372 3803 560 3898 Accingere,
581 3815 613 3873 et
631 3803 743 3874 saniori
761 3802 939 3874 sublevatus
956 3803 1094 3885 consilio,

239 3936 398 4032 corrigere
415 3936 473 4005 ista
493 3948 525 4004 et
537 3960 725 4005 conservare
744 3934 773 4004 in
793 3934 938 4019 claustro,
958 3959 1097 4026 conver-
