3038 5036
428 697 497 767 l9l
631 723 744 768 osmari
761 722 796 768 nr
813 722 904 766 cnam
922 722 1071 766 nrrsrotn.

425 878 591 950 admodum
610 878 641 948 in
662 877 710 948 illa
731 877 831 975 posita
855 891 903 948 est
932 903 1010 976 opes
1034 903 1114 962 mea,
1137 888 1225 947 etex
1248 899 1287 944 ea

370 1015 373 1020 ’
424 1009 541 1108 pendet
554 1010 729 1108 expectatio
747 1035 828 1093 mea3
844 1009 885 1080 ita
899 1023 948 1080 est
961 1023 992 1080 et
1006 1009 1065 1080 erit
1080 1007 1189 1080 fiducia
1200 1031 1283 1088 mea,

424 1158 458 1214 ut
487 1143 552 1240 ipsa
577 1143 616 1214 sit
643 1143 706 1214 dux
735 1157 767 1214 et
796 1143 966 1214 consolatio
992 1167 1093 1214 mean
1123 1143 1285 1237 Nusquam

327 1287 333 1298 '
423 1276 506 1346 enim
522 1275 553 1345 in
569 1275 765 1346 tribulatione
782 1275 901 1372 positos
914 1274 1076 1345 consuevit
1093 1273 1282 1369 relinquere,

422 1408 473 1506 qui
492 1409 558 1504 ejus
577 1408 678 1478 solent
695 1407 840 1479 auxilium
858 1406 992 1478 fideliter
1008 1407 1163 1478 invocare.

422 1715 467 1781 lla
480 1737 588 1782 usroun
602 1737 691 1794 outa,
704 1736 848 1781 suounouu
862 1735 1022 1781 rreurururr
1036 1736 1194 1793 romanon,
1209 1733 1285 1780 riou

471 1846 582 1928 Suum,
602 1871 687 1916 unoo
710 1847 781 1913 Dan
804 1847 918 1924 Vrrsrra¹¹
939 1869 972 1913 rr
992 1869 1123 1926 ouonono
1139 1868 1280 1914 conamur

472 2001 556 2048 rsrt
578 1979 695 2050 Mirm.

471 2217 538 2285 Neo
563 2214 617 2285 tibi
640 2213 864 2292 tantummodo,
890 2212 950 2285 tilia
973 2216 1071 2313 Syon,
1098 2240 1136 2284 ex
1160 2214 1281 2286 filiabus

422 2347 593 2418 Jerusalem
609 2347 705 2418 saneti
718 2345 809 2442 hujus
823 2345 970 2444 propositi
984 2360 1165 2443 procreatur
1175 2371 1282 2416 exem-

421 2478 517 2576 plum,
532 2502 642 2547 verum
656 2476 748 2547 etiam
762 2475 801 2546 de
815 2475 934 2546 filiabus
948 2475 1173 2548 Chaldaeorum.
1213 2479 1283 2548 Nee

422 2634 456 2678 se
480 2607 673 2679 solummodo
699 2605 832 2704 praevias
860 2605 1008 2677 exhibent
1036 2605 1107 2678 filiae
1136 2632 1281 2705 supernae

421 2741 562 2826 civitatis,
584 2740 640 2811 sed
657 2739 736 2838 apud
751 2739 885 2835 gentiles
895 2739 1001 2838 utique
1014 2738 1085 2810 liliae
1098 2740 1277 2838 Babylonis.

422 2876 470 2944 Ex
499 2875 562 2944 luto
591 2873 673 2944 enim
703 2898 861 2970 nunquam
891 2898 999 2942 aurum
1031 2872 1220 2968 colligimu8‚
1248 2885 1282 2942 et

421 3005 588 3103 pretiosam
612 3005 643 3076 in
666 3003 856 3102 sterquilinio
877 3004 1074 3100 margaritam
1092 3004 1277 3076 invenimus

421 3139 568 3234 Legimus
584 3139 613 3208 in
626 3137 786 3208 annalibus
799 3138 1021 3221 Romanorum,
1037 3137 1173 3221 Silviam,
1188 3163 1281 3234 quam

422 3285 453 3341 et
470 3270 528 3341 alio
549 3269 674 3340 nomine
693 3269 778 3338 lliam
791 3266 932 3351 dicimus,
950 3269 1104 3364 virginem
1117 3269 1147 3338 in
1164 3269 1281 3366 templo

421 3405 527 3474 Vestae
557 3400 752 3472 sacerdotem
782 3400 934 3470 extitisse.
990 3403 1081 3486 Haee,
1117 3401 1281 3473 Numitore

422 3549 509 3635 patre
528 3534 707 3633 progenita,
733 3533 942 3630 generositate
967 3535 1106 3632 praeolari
1126 3535 1284 3630 sanguinis

339 3713 343 3722 =
420 3669 639 3767 praepollebat;
672 3693 754 3766 quae,
779 3693 874 3765 quum
895 3670 970 3739 Deae
994 3680 1025 3738 et
1052 3668 1192 3762 meinae
1215 3693 1284 3739 suae

423 3817 567 3898 tanquam
594 3800 735 3871 ministra
753 3797 862 3870 fidelis
887 3801 1091 3884 obsecutura,
1118 3800 1156 3872 ad
1183 3800 1282 3898 ripam

420 3934 555 4006 lluminis
572 3959 667 4031 aquas
686 3944 820 4030 peteret,
843 3948 873 4003 ut
894 3960 981 4004 saera
1005 3933 1123 4005 diluere
1143 3959 1182 4004 ex
1203 3960 1284 4005 oon-
