3012 5040
417 709 554 756 rnsrorn
573 709 708 756 nnnrnnrr
724 708 858 754 cosmon.
1021 684 1066 751 93

208 879 312 937 tatem.
367 868 519 939 Laborate
533 866 621 938 finire
639 867 839 950 dialecticam,
855 867 997 964 quoniam
1011 891 1069 963 pa-

209 999 321 1071 tefacto
343 999 444 1071 hostio
470 1000 625 1072 interioris
652 999 774 1084 domus,
797 997 965 1097 penetralia
992 995 1069 1066 sacili
1162 1056 1163 1059 ,

209 1132 316 1202 labore
338 1131 546 1202 inveniuntur.
599 1129 760 1201 Attendite
786 1154 855 1226 quae
876 1127 961 1212 dico;
987 1125 1068 1197 nulla

210 1263 292 1334 enim
309 1262 405 1334 latent
418 1288 511 1361 quem
529 1261 686 1332 dialectica
700 1261 862 1343 illuminat3
878 1285 988 1331 verum
1002 1257 1070 1328 dia-

210 1396 326 1468 lecticae
339 1395 491 1467 subtilitas
505 1421 567 1466 non
580 1395 638 1466 nisi
653 1394 780 1466 sollicito
798 1393 899 1464 animo
917 1405 949 1462 et
966 1392 1071 1462 abste-

210 1527 270 1598 mio
288 1553 420 1625 corpore
438 1542 470 1598 et
486 1527 682 1623 vigilantibus
700 1527 797 1597 oculis
818 1524 985 1596 obtinetur.
1029 1524 1069 1592 Et

210 1661 265 1731 alia
283 1686 387 1743 manu,
403 1658 530 1730 taediosa
551 1673 599 1730 est
613 1658 685 1728 mihi
700 1658 879 1729 Ovidiarnm
896 1655 1067 1727 fabularum

210 1819 309 1864 annua
336 1792 509 1891 proliritas;
538 1791 623 1863 tinite
650 1791 706 1862 has
733 1791 878 1889 ineptiam,
902 1802 935 1859 ut
958 1787 1068 1858 saltem

209 1926 383 1998 incivitate
408 1925 558 1997 dominica
581 1925 808 2021 cognoscamini
832 1925 861 1994 in
887 1923 985 2020 aliqua
1007 1920 1069 1991 utili

209 2056 352 2128 lectione.
406 2056 530 2126 Abeant
549 2078 670 2153 preces
694 2066 843 2153 paternus
865 2052 1072 2124 conticuescot

210 2189 357 2275 affectns3
375 2187 485 2286 judicis
511 2202 543 2258 et
560 2187 697 2284 magistri
722 2187 870 2286 deinceps
896 2184 1070 2258 severitatis

210 2319 434 2391 districtionem
451 2320 643 2392 inclementis
661 2331 834 2417 expectate.

257 2573 459 2644 EPISTOLA
484 2575 563 2643 LIV.
578 2617 625 2625 -
637 2573 685 2644 An
702 2575 739 2644 G.
760 2599 888 2644 rsarnrn
903 2599 1016 2645 onroon.

234 2759 403 2829 HEBBERTUS
424 2782 568 2828 EPISGOPUS
588 2757 626 2827 G
655 2782 755 2854 renent
779 2782 877 2841 anton,
904 2779 1039 2826 SALUTEM.

257 2995 354 3064 Tuam
363 2991 1066 3090 multisdeprecationibusdapsilitatemexoro,

210 3139 241 3196 ut
253 3125 468 3197 accommodes
484 3125 555 3196 mihi
574 3126 692 3196 boreas
703 3125 823 3198 tabulas
836 3152 913 3223 quas
926 3124 980 3195 tibi
998 3138 1068 3195 tuus

209 3258 324 3329 amicus
340 3257 491 3328 Ricardus
506 3257 736 3338 archidiaconus
752 3259 888 3344 donavit,
910 3259 997 3355 cnjus
1019 3258 1069 3328 in-

209 3389 287 3460 dicio
315 3389 375 3460 hoc
394 3390 493 3488 ipsum
519 3390 583 3461 scio
605 3391 687 3488 quod
711 3390 767 3461 has
793 3391 912 3462 tabulas
932 3390 1065 3475 habeaS,

210 3548 248 3592 eo
259 3523 348 3618 signo
360 3522 442 3620 quod
454 3536 523 3594 tuas
537 3523 656 3594 tabulas
669 3523 744 3594 ludo¹
754 3550 810 3594 suo
823 3523 941 3594 cuidam
956 3523 1068 3594 Oerico

209 3652 303 3739 dedit,
331 3667 362 3724 et
387 3680 443 3752 pro
462 3653 507 3724 eis
524 3654 599 3725 istas
618 3654 670 3725 tibi
693 3653 835 3726 reddidit.
888 3657 937 3725 Ne
958 3654 1068 3725 timeas

210 3787 405 3858 tenacitatem
423 3813 536 3872 meam,
556 3787 703 3884 quianon
721 3814 796 3858 curo
816 3787 933 3858 debere
948 3786 1066 3858 cuidam

209 3919 319 4016 aliquid
337 3934 454 4017 praeter
472 3921 565 3992 solius
582 3921 738 3994 charitatis
755 3922 897 3993 fructum.
