3012 5040
440 732 508 802 426
648 753 760 799 esuum
777 749 920 800 rueram
939 757 1086 802 rrrsmcs.

437 913 533 1008 gratia
552 912 778 984 lundoniensis
795 915 970 1013 episcopus
991 917 1038 986 vir
1058 915 1223 986 admodum
1242 940 1299 984 ca-

437 1045 577 1129 tholicus,
600 1044 639 1116 de
657 1046 705 1116 bis
722 1059 771 1117 est
789 1046 980 1118 sufficienter
997 1047 1178 1130 instructus,
1199 1059 1231 1116 et
1252 1048 1299 1116 vir

436 1177 510 1250 vitae
525 1179 712 1250 venerabilis
728 1179 872 1250 dominus
884 1182 987 1276 Hug0,
1003 1181 1100 1250 abbas
1112 1179 1297 1274 Radiugeu-

399 1302 400 1307 ¹
438 1310 491 1393 sis,
507 1309 557 1406 qui
574 1308 654 1380 haue
669 1309 867 1380 testivitatem
885 1335 979 1407 prece
993 1310 1085 1380 etiam
1102 1310 1187 1406 regis
1204 1313 1299 1380 Hen-

438 1441 489 1512 riei
512 1441 680 1512 solenniter
697 1443 846 1526 celebrat,
867 1443 897 1513 in
915 1442 1026 1513 divinis
1043 1455 1074 1513 et
1091 1442 1232 1513 humanis
1250 1457 1300 1513 est

437 1573 604 1644 liberaliter
623 1573 763 1659 edoctus,
782 1575 891 1645 horter
908 1588 940 1646 ut
962 1601 1032 1646 cum
1050 1575 1086 1646 iis
1105 1575 1145 1646 de
1164 1575 1221 1647 bac
1241 1600 1299 1646 ea-

437 1705 509 1776 dem
527 1731 561 1775 re
579 1730 758 1776 sermonem
776 1706 951 1790 instituatis,
966 1721 997 1777 et
1014 1721 1048 1778 ut
1065 1732 1121 1776 ees
1138 1706 1297 1802 adjutores

438 1850 468 1906 et
486 1849 706 1934 cooperatores
723 1835 913 1906 babeatis..
973 1896 977 1905 .
1037 1896 1040 1902 .
1098 1897 1103 1905 .
1161 1897 1165 1905 .
1224 1897 1228 1905 .
1289 1896 1293 1905 .

532 2155 734 2228 EPISTOLA
750 2159 806 2228 IX.
826 2159 931 2230 -Ἀυ
936 2218 1194 2229 .....

487 2377 564 2446 ltem
586 2375 721 2460 domiuo,
745 2377 819 2448 item
844 2378 953 2462 amico,
976 2378 1049 2448 item
1071 2377 1139 2448 vire
1162 2391 1296 2476 aposto—

438 2509 495 2580 lica
513 2509 686 2580 scribimus.
740 2510 911 2582 Scribimus
926 2511 995 2608 quia
1012 2510 1152 2606 cogimur
1168 2509 1298 2581 deside-

440 2642 1293 2724 ri0,etc............

488 2776 671 2846 Auselmum
690 2775 843 2859 videlicet,
859 2776 1031 2848 Cantuariae
1048 2777 1134 2847 urbis
1147 2775 1297 2874 arcbiepi-

439 2934 577 3005 scopum,
597 2907 716 2979 cunctis
733 2907 908 2978 nationibus
924 2933 986 3004 ⁴per
1003 2907 1116 2978 saecula
1134 2920 1199 2978 toto
1217 2908 1296 2978 orbe

438 3039 662 3122 venerandum,
687 3065 782 3137 quem
806 3052 870 3110 tota
896 3039 1060 3123 Latinitas,
1086 3052 1150 3110 tota
1176 3039 1296 3110 Graecia

438 3186 471 3242 ut
483 3171 640 3242 dominum
654 3185 686 3242 et
698 3185 819 3270 patrem
834 3173 1037 3269 amplectitur,
1055 3185 1087 3243 et
1100 3173 1130 3242 iu
1148 3174 1296 3242 Tractutu

438 3304 474 3374 de
489 3307 680 3402 precessione
695 3305 837 3402 Spiritus
854 3305 967 3378 Sancti
983 3305 1167 3401 magistrum
1187 3305 1298 3403 recipit

438 3450 470 3507 et
487 3435 666 3535 profitetur3
685 3439 773 3534 cujus
789 3451 889 3509 morte
908 3436 1085 3533 affligimur,
1107 3451 1167 3508 etc.
1226 3496 1231 3506 .
1291 3497 1296 3507 .
