3038 5036
411 747 478 816 482
614 769 725 814 osrrnn
743 769 777 814 nn
796 769 888 814 cunm
905 769 1052 814 nnsronn.

407 928 549 1026 quaedam
565 928 730 1000 familiares
747 930 870 1014 litterae,
885 930 915 1014 in
927 955 1056 1027 quarum
1074 929 1155 999 serie
1173 927 1269 1000 intel-

405 1059 478 1144 lexi,
498 1060 580 1158 quod
597 1061 728 1131 salntem
745 1073 930 1132 nostramet
945 1060 1098 1131 honorem
1115 1060 1162 1131 cui
1177 1085 1267 1158 prae-

408 1191 507 1263 sidem
525 1193 665 1264 ecolesiae
681 1193 816 1289 diligitis,
832 1194 905 1265 dum
919 1219 988 1277 nos
1004 1219 1044 1263 ne
1062 1218 1189 1288 agamus
1202 1192 1265 1263 illi—

406 1324 476 1408 cita,
497 1325 631 1396 fraterna
655 1325 803 1396 charitate
826 1327 992 1421 castigatis.
1046 1328 1158 1420 Magna
1177 1325 1267 1395 nobis

406 1456 596 1540 auctoritate,
613 1483 670 1554 qua
690 1457 806 1552 majore
820 1483 882 1527 non
896 1457 1037 1554 potestis,
1053 1483 1093 1526 ne
1111 1456 1267 1554 quendam

407 1612 445 1657 ex
462 1587 570 1659 ordine
587 1588 778 1659 Cisternensi
796 1589 1008 1687 suscipiamus,
1028 1588 1219 1672 interdicitis
1235 1603 1268 1658 et

407 1748 447 1796 ne
463 1721 522 1793 hoc
537 1721 690 1792 ullatenus
707 1721 770 1807 fiat,
792 1748 886 1820 super
902 1749 1041 1794 amorem
1060 1737 1091 1794 et
1110 1723 1267 1795 obedien—

407 1854 480 1924 tiam
497 1878 567 1951 qnae
580 1855 647 1924 Deo
661 1867 693 1924 et
705 1854 795 1925 vobis
808 1853 972 1938 debemus,
989 1868 1168 1926 constanter
1179 1854 1266 1926 inhi-

407 1985 497 2056 betis,
527 1984 602 2068 Sed,
619 1986 702 2055 salva
719 1985 794 2056 tanti
809 2000 983 2056 conventus
996 1987 1182 2072 reverentia,
1196 1987 1266 2085 plus

402 2118 486 2213 justo
502 2117 532 2186 in
544 2117 657 2188 fratres
669 2129 794 2187 vestros
807 2117 947 2187 voluistis
961 2118 1127 2203 excedere,
1140 2119 1265 2215 quinon

407 2249 527 2318 fuerant
536 2247 698 2344 arguendi,
715 2247 788 2318 dnm
802 2273 880 2344 opus
891 2247 972 2345 quod
985 2248 1020 2318 iis
1034 2249 1174 2345 objicitur
1182 2250 1266 2320 illici—

407 2395 483 2464 tum,
500 2406 694 2478 nequaquam
710 2380 800 2450 unius
816 2381 905 2450 verbi
919 2381 1067 2479 principio
1081 2381 1265 2452 studuerunt

407 2525 573 2583 maturare.
627 2513 695 2596 Qua
713 2511 753 2582 de
776 2537 823 2596 re,
850 2511 1055 2582 vehementer
1077 2511 1265 2582 admiramur

406 2645 488 2715 undo
509 2671 607 2744 penes
622 2672 680 2715 vos
698 2658 760 2716 tam
777 2645 896 2716 dolosae
912 2645 1026 2716 fraudis
1043 2645 1137 2722 chaos
1154 2671 1264 2716 emer-

406 2777 455 2862 sit,
474 2777 633 2875 magisque
647 2777 832 2862 mirandum,
850 2777 932 2875 quod
949 2803 1007 2848 nos
1019 2777 1098 2848 adeo
1114 2777 1265 2848 debuistis

406 2910 539 3004 insulsos
551 2924 582 2980 et
592 2909 818 2981 irrationabiles
829 2909 971 2994 credere,
985 2923 1018 2980 nt
1031 2921 1138 2981 contra
1148 2921 1265 2980 sanctae

405 3067 555 3112 canonem
564 3033 680 3138 regulae
690 3041 819 3113 infausta
828 3041 1068 3139 praesumptione
1077 3040 1266 3112 deberemus

405 3173 516 3271 aliquid
529 3199 690 3272 usurpare.
740 3176 775 3244 In
793 3187 931 3244 mentem
945 3175 1035 3244 nobis
1048 3201 1110 3244 non
1127 3175 1212 3245 venit
1225 3175 1265 3245 ab

406 3305 548 3376 ecclesiae
565 3307 681 3376 unitate
698 3305 862 3388 dissidere,
882 3332 941 3378 nec
961 3307 1052 3377 vobis
1069 3306 1261 3389 inconsultis

405 3437 533 3508 etiamsi
547 3438 678 3508 maxima
692 3437 763 3509 inde
774 3438 953 3536 proveniret
964 3437 1089 3521 utilitas,
1103 3437 1265 3534 quicquam

405 3569 549 3640 novitatis
566 3570 715 3668 arripere.
769 3571 882 3641 Contra
898 3570 949 3666 jus
965 3581 1068 3639 antem
1086 3582 1118 3639 et
1134 3569 1180 3639 sas
1193 3569 1266 3639 nulli
1328 3611 1333 3620 ·

406 3699 562 3796 religionis
578 3701 787 3772 tribueremus
803 3701 952 3785 habitum,
972 3700 1042 3798 quia
1062 3701 1128 3771 sine
1145 3700 1266 3770 abbatis

405 3844 560 3930 potestate
592 3832 651 3902 tale
679 3832 751 3929 qnid
780 3857 874 3928 agere
904 3845 1042 3902 nonest
1074 3831 1266 3928 aliquatenus

406 3963 496 4034 nobis
514 3963 710 4061 permissum.
765 3963 828 4035 Sed
849 3989 963 4058 negare
982 3988 1041 4034 nec
1057 3962 1154 4033 audeo
1172 3988 1267 4060 pror-
