3012 5040
373 729 440 795 mo
580 750 692 795 ossuum
709 750 744 795 uu
761 749 850 795 cmm
868 750 1012 794 semmua.

371 906 578 977 monasteriia
596 908 697 978 multis
713 909 743 978 iu
761 909 900 1006 partibus
917 907 975 978 illis
992 909 1027 978 iis
1045 907 1222 978 auferantur

371 1051 401 1107 ot
429 1036 581 1108 violenter
608 1037 814 1108 detineantur.
875 1040 916 1109 Ei
940 1038 1084 1136 quoniam
1105 1036 1143 1108 ad
1164 1036 1223 1107 hoo

369 1170 453 1240 vices
476 1183 597 1240 nostras
624 1170 653 1240 iu
680 1183 762 1240 terra
791 1171 838 1241 illa
865 1172 999 1254 obtiueS,
1023 1183 1057 1240 ut
1084 1169 1222 1266 iujuriam

368 1302 563 1399 patientibus,
583 1303 736 1401 praecipue
754 1304 895 1401 personis
912 1302 1138 1386 ecclesiasticis,
1153 1302 1224 1398 jus·
1339 1365 1346 1380 ,

369 1433 463 1504 titiam
487 1433 589 1526 saoiaS,
613 1460 671 1532 per
691 1435 856 1532 apostolica
880 1434 933 1505 ubi
955 1434 1068 1531 scripta
1089 1431 1223 1503 mauda-

369 1592 448 1650 muS‚
468 1581 620 1664 quatenus
639 1567 847 1666 querimonias
865 1593 973 1638 eorum
992 1565 1097 1637 audias
1116 1577 1148 1635 et
1162 1564 1224 1635 de—

368 1697 462 1767 bitam
485 1698 520 1767 iis
538 1697 687 1793 justitiam
709 1698 801 1769 facias
822 1697 973 1780 exhiberi,
998 1710 1030 1768 et
1052 1697 1162 1767 nullam
1185 1697 1222 1766 iis

368 1829 505 1924 iujuriam
522 1828 571 1900 vel
589 1830 760 1900 molestiam
778 1831 939 1927 permittas
955 1829 1092 1925 irrogari.
1145 1831 1223 1898 Data

368 1960 509 2030 Laterani
529 1962 556 2030 V
575 1959 642 2030 idus
660 1961 810 2030 Decemb.

438 2320 441 2326 ’
499 2301 699 2373 EPISTOLA
718 2304 756 2371 ll.
777 2345 825 2354 —-
842 2303 888 2372 Au
909 2303 1085 2373 Amumcuu.

366 2549 536 2618 luuoeeutii
556 2551 672 2618 summi
697 2549 856 2646 Pontificio
878 2562 1050 2646 sancteque
1070 2551 1221 2620 Homauoe

414 2693 442 2748 et
460 2679 731 2776 apostolicaesedis
753 2681 850 2777 leqeto
870 2680 1048 2761 venerabili,
1072 2682 1222 2777 totiusque

410 2811 571 2908 reliqiouis
587 2839 623 2881 ee
638 2811 733 2908 samoe
749 2813 815 2881 uiro
832 2814 867 2881 iu
883 2812 1022 2882 omuibus
1030 2812 1223 2909 prceoelieuti

414 2943 545 3012 Domino
560 2958 588 3013 ec
599 2945 688 3040 putri
700 2945 893 3014 serenissimo
907 2943 1057 3024 alberico,
1071 2946 1129 3014 Dei
1137 2971 1219 3041 yra-

413 3076 459 3142 tio
470 3075 603 3146 ecclesie
618 3075 770 3146 Ostiensis
783 3077 930 3173 episeopo,
945 3076 1045 3172 freter
1061 3076 1218 3158 osbertus,

419 3205 678 3292 Westmouesterii
702 3209 888 3304 prepositus
916 3222 1064 3304 emurputo
1094 3208 1220 3305 indique

413 3337 554 3407 uocabulo
572 3337 757 3435 appellatus,
775 3338 906 3408 sulutem
930 3354 958 3408 et
977 3338 1176 3410 obedientiam
1192 3354 1222 3410 et

413 3468 547 3539 debitum
568 3468 680 3566 ubique
700 3483 853 3538 terrerum
871 3483 963 3540 tauto
978 3496 1117 3566 persouoe
1133 3496 1220 3540 reve-

414 3604 556 3672 rentium.

411 3819 487 3904 Quia
501 3819 566 3904 tibi,
582 3820 710 3890 antistes
724 3821 781 3891 Dei
794 3820 904 3905 electe,
920 3820 991 3891 nihil
1006 3820 1119 3891 deesse
1136 3845 1220 3915 eog-

365 3950 500 4022 nosoitur
517 3950 555 4022 ad
571 3951 720 4022 doctriuae
746 3953 887 4024 salutaris
907 3951 1116 4049 iutegritatem
1133 3963 1165 4021 et
1180 3952 1220 4024 ad
