3050 5040
479 691 614 734 urtsrotlo
631 691 764 735 HERBERT!
781 691 912 736 LOSlNGAE.
1106 665 1125 736 7

267 860 299 914 et
313 872 373 940 ogo
385 872 442 916 vos
455 846 618 918 redamare
633 849 712 918 sieut
726 847 815 930 filino,
833 861 864 918 et
878 850 966 920 vobis
981 849 1126 919 desidero

268 977 396 1046 obedire
420 978 498 1048 sieut
519 979 699 1050 monachus
753 981 954 1064 Suetonium,
981 1007 1074 1077 quern
1097 982 1126 1050 in

267 1107 378 1202 Anglia
400 1109 540 1178 invenire
561 1136 623 1180 non
646 1136 785 1207 possum,
807 1111 895 1181 facito
914 1112 1077 1182 transcribi
1097 1126 1128 1181 ot

268 1241 502 1337 transscriptum
520 1241 631 1312 mittite
648 1242 721 1311 mihi
740 1269 797 1339 per
819 1243 1014 1314 Daneardum
1031 1270 1127 1342 pres-

267 1371 423 1468 byterum,
441 1373 492 1441 vol
511 1398 567 1469 per
584 1373 676 1444 alium
695 1400 788 1471 quem
808 1376 966 1446 volueritis
985 1377 1128 1447 servien-

270 1517 343 1573 tem.

308 1738 510 1809 EPISTOLA
529 1742 580 1810 Vl.
598 1785 646 1792 —
660 1741 707 1811 Ao
723 1745 908 1814 Nonunuuuu
927 1747 1081 1816 AEnrruuu.

449 1874 615 1942 Hsumurus
628 1875 791 1944 Nonunuuo
805 1877 937 1947 AEmruo.

316 2039 405 2121 Sunt,
419 2051 452 2107 ut
465 2037 577 2122 audivi,
594 2039 643 2135 qui
655 2064 756 2109 meam
771 2040 940 2113 abhorrent
950 2043 1127 2114 vehemen-

266 2171 353 2252 tiam,
367 2169 417 2266 qui
437 2195 578 2240 mearum
591 2170 820 2269 disciplinarum
838 2189 983 2246 accusant
1000 2177 1126 2273 asperi-

265 2315 379 2386 tatem,
399 2303 450 2399 qui
472 2303 564 2372 etiam
585 2303 696 2374 divinis
716 2305 883 2378 detrahunt
896 2307 1028 2402 judiciis
1049 2335 1125 2404 prr*

265 2433 403 2504 dicantes
425 2435 494 2505 leve
512 2435 594 2532 quod
613 2462 708 2531 grave
727 2450 787 2520 est,
808 2437 983 2532 judicantes
1005 2440 1125 2509 veniale

266 2565 347 2661 quod
357 2569 441 2636 Deus
455 2593 554 2664 usque
569 2592 689 2663 quaque
700 2567 925 2638 abhominatur.
939 2570 961 2638 Ii
976 2571 1039 2639 suis
1053 2598 1124 2668 pro-

265 2696 377 2766 cedant
391 2722 408 2766 e
420 2697 563 2781 latibulis,
584 2698 681 2767 aciem
694 2697 838 2794 dirigant,
855 2725 939 2769 arma
952 2700 1122 2796 proferant,

266 2844 373 2928 aperte
399 2831 556 2914 dimicent,
582 2831 664 2902 hosti
684 2831 843 2916 resistant,
866 2833 980 2930 spicula
998 2834 1122 2929 jaciant,

266 2990 328 3033 non
355 2963 476 3060 linguas
506 2978 651 3048 aeeuant3
680 2978 714 3034 ut
740 2964 766 3034 si
798 2964 909 3035 timent
937 2965 1121 3063 procedere,

265 3093 383 3164 discant
396 3106 512 3176 tacere,
527 3093 646 3188 linguas
660 3094 832 3178 refrenare,
844 3094 966 3164 veritati
980 3121 1124 3166 succum—

265 3227 356 3304 bere;
375 3238 481 3295 nostra
498 3225 581 3295 enim
595 3252 679 3295 arma
697 3251 759 3296 non
776 3225 919 3296 homines
932 3253 1124 3325 persequun-

265 3374 324 3442 tur,
348 3358 405 3428 sed
424 3372 561 3455 peecata,
581 3384 640 3428 neo
658 3359 747 3429 vietis
766 3374 943 3457 praeparant
961 3361 1124 3458 eaptivita-

265 3505 340 3575 tem,
369 3491 426 3561 sed
457 3491 696 3586 resurgentibus
730 3491 902 3586 largiuntur
932 3491 1119 3563 libertatem.

264 3622 353 3706 Vide,
371 3623 477 3705 frater,
493 3649 554 3720 quo
568 3649 636 3693 mea
650 3622 799 3720 procedat
814 3622 954 3706 intentio,
969 3637 1000 3693 et
1011 3625 1123 3720 quibus

264 3754 352 3850 cupio
377 3767 408 3823 te
435 3754 544 3824 instrui
569 3753 747 3851 disciplinis
802 3754 985 3849 Imperatori
1010 3755 1124 3825 milita-

264 3911 332 3954 mus
356 3884 403 3954 oui
426 3885 526 3956 omnia
545 3885 693 3968 serviunt,
714 3885 800 3980 cujus
820 3885 1022 3954 severitatem
1039 3899 1122 3956 terra
