3050 5040
427 696 470 764 tt
635 719 1062 769 rrisrotnuunnrnrrnosmcn.

424 878 598 948 daemonum
621 877 710 973 periit
738 878 854 957 cultus;
879 880 987 952 abrasa
1011 897 1057 952 est
1078 882 1124 952 illa
1148 880 1227 952 loeda
1247 895 1278 950 et

424 1025 454 1081 et
478 1009 689 1080 abominabilis
713 1010 872 1082 fornicatio
895 1013 1045 1108 gentium,
1075 1027 1105 1084 et
1128 1013 1277 1085 Dominus

424 1147 453 1216 in
472 1157 614 1216 eternum
635 1158 807 1240 permanet.
861 1147 996 1218 Gulosus
1021 1148 1207 1218 ventricolas
1220 1173 1277 1244 ap

424 1277 517 1374 pellat
543 1275 728 1372 Apostolum
756 1301 851 1372 quare
873 1290 904 1346 et
927 1277 1083 1348 libidinum
1107 1291 1278 1348 sectatores

424 1406 622 1478 libidinicolas
639 1432 701 1476 non
714 1405 911 1477 diceremus?
964 1408 1089 1479 Fallitur
1105 1435 1160 1479 sua
1172 1409 1278 1506 impu-

424 1539 512 1609 ritate
535 1535 666 1608 carnalis
687 1535 859 1606 delectatio.
913 1540 947 1607 ln
966 1538 1058 1609 domo
1081 1540 1137 1610 Dei
1158 1539 1278 1610 duobus

425 1668 562 1740 Dominis
578 1693 640 1738 non
658 1666 801 1737 servitur.
855 1669 985 1739 Amator
1010 1670 1066 1740 Dei
1089 1671 1279 1768 contempnit

424 1801 590 1879 libidinem,
605 1811 740 1868 sectator
751 1798 883 1869 libidinis
898 1801 997 1871 nescit
1009 1803 1119 1872 Deum.
1147 1804 1208 1872 Sua
1221 1801 1278 1871 eli-

424 1935 518 2005 minat
532 1933 571 2003 ab
587 1930 715 2001 ecclesia
729 1928 808 1999 filius
821 1930 949 2026 virginis
960 1933 1154 2030 prodigiosos
1171 1934 1278 2005 herma

425 2065 569 2147 froditos‚
595 2062 707 2132 nullam
726 2062 772 2131 eis
793 2062 969 2135 viventibus
987 2065 1169 2138 Christianae
1191 2093 1279 2138 com-

425 2195 576 2268 munionis
593 2193 720 2290 gratiam
741 2193 929 2291 relinquens.
982 2199 1013 2266 ls
1032 2197 1123 2293 igitur
1141 2199 1280 2268 severis—

424 2332 519 2402 simus
533 2327 627 2426 judex
648 2339 680 2396 et
707 2327 968 2424 praesentissimus
990 2330 1146 2428 inspector
1167 2332 1217 2430 qui
1240 2331 1279 2401 de

424 2477 511 2564 patre
526 2462 592 2534 sinc
606 2475 717 2543 matre,
738 2460 823 2532 etde
842 2473 941 2532 matre
964 2463 1031 2534 sine
1051 2476 1155 2560 patre,
1175 2465 1280 2535 incor-

425 2595 608 2694 ruptibiliter
631 2606 814 2664 conservata
836 2593 1022 2689 virginitate.
1039 2597 1201 2692 processit,
1220 2623 1281 2666 no-

423 2727 541 2798 biscum
568 2737 632 2806 est,
657 2749 844 2820 suorumque
869 2725 1028 2796 abactione
1049 2726 1184 2798 fidelium
1200 2726 1280 2796 nulla

424 2852 653 2950 intercapedine
676 2865 852 2948 separatum
874 2852 918 2923 sic
936 2853 1018 2923 enim
1040 2879 1226 2924 ascensums
1243 2853 1281 2922 ad

425 2999 555 3082 patrem,
573 3009 699 3054 suorum
716 2981 894 3052 moestitiam
907 2984 1074 3054 amicorum
1086 2985 1196 3056 blanda
1214 2985 1282 3054 elo—

423 3121 545 3188 cutione
568 3115 769 3186 consolatur:
790 3114 962 3190 vobiscum.
981 3117 1087 3215 inquit,
1108 3143 1162 3188 ero
1183 3143 1280 3215 usque

424 3249 460 3318 ad
478 3247 774 3320 consummationem
793 3247 905 3316 sarculi.

472 3413 673 3483 EPlSTOLA
691 3413 757 3481 Vll.
782 3455 826 3463 —
843 3411 891 3482 An
910 3413 1080 3485 Srnrutnun
1099 3441 1226 3485 rmonnu.

626 3513 795 3580 Hunaunrus
809 3513 959 3580 Srurunuo
971 3537 1071 3582 raram.

472 3643 621 3728 Quadam
644 3643 766 3738 negotia
785 3642 967 3712 oboriuntur
989 3643 1072 3728 mihi,
1098 3645 1209 3742 quibus
1225 3671 1282 3716 co-

425 3801 481 3870 gor
499 3774 593 3843 vestri
613 3774 678 3844 atrii
696 3774 871 3844 accelerare
890 3775 1172 3851 consecrationem
1189 3777 1282 3846 timeo

425 3908 505 3978 enim
531 3932 569 3976 ne
592 3906 616 3975 si
641 3906 751 3976 iterum
769 3907 987 4002 prolongarem
1007 3934 1093 3994 eam,
1115 3910 1212 4004 magis
1228 3909 1282 3980 in—
