3050 5040
422 685 466 752 te
640 709 1051 756 reisronennnnnurosmon.

420 866 489 936 lidei
503 869 711 966 Imperatores
728 893 764 940 ac
776 867 932 965 patricios
948 881 1019 965 post
1032 867 1194 938 diuturnos
1206 863 1277 934 leli—

419 1023 473 1068 ces
486 1026 595 1084 annos,
610 1001 640 1070 in
654 999 906 1098 triumphantium
922 1000 1018 1095 gloria
1035 1002 1230 1070 Sanctorum.
1246 997 1278 1066 in

419 1132 590 1203 coelestium
607 1134 691 1204 curia
706 1147 896 1218 senatorum,
914 1134 945 1203 in
963 1131 1084 1203 sublimi
1103 1131 1226 1202 throno.
1247 1129 1278 1198 in

419 1276 536 1335 aeterna
558 1267 747 1351 amoenitate,
768 1267 798 1336 in
819 1291 884 1337 suae
902 1278 1071 1364 conspectu
1088 1262 1276 1362 praesentiae.

420 1397 449 1466 in
466 1399 601 1492 generali
615 1399 777 1472 beatorum
798 1398 977 1496 splendore,
994 1413 1129 1469 terrenae
1142 1420 1280 1468 conver-

420 1529 545 1600 sationis
569 1531 749 1602 excessibus
770 1531 954 1614 absolutam,
983 1542 1121 1601 vestram
1150 1541 1280 1597 coronet

420 1660 551 1731 animam
563 1662 734 1734 diademate
747 1663 1011 1761 impassibilitatis,
1025 1675 1162 1734 vestram
1174 1660 1279 1730 ultima

422 1791 451 1861 in
470 1791 519 1862 die
536 1808 741 1866 renovaturus
758 1808 790 1866 et
808 1795 1010 1866 investiturus
1034 1819 1160 1866 carnem
1185 1791 1280 1888 gloria

423 1925 658 1996 resurrectionis
675 1940 707 1997 et
724 1928 801 1998 stola
820 1927 1067 1998 immortalitatis.

458 2157 660 2227 EPlSTOLA
678 2160 747 2229 Xll.
763 2159 871 2230 -An
889 2161 1072 2230 Nonuluuun
1090 2159 1243 2228 AEnrruuu.

610 2275 778 2344 Hunnunrus
793 2277 822 2344 N
825 2299 957 2344 onumno
970 2275 1102 2344 AEnnuo.

474 2457 685 2528 Humanorum
700 2458 864 2530 immemor
880 2483 1018 2541 casuum,
1033 2457 1118 2527 velut
1130 2455 1280 2553 improvi-

426 2587 484 2658 dus
496 2590 686 2684 gubernator
702 2591 733 2662 in
750 2591 931 2690 peregrinas
949 2591 1159 2687 barbarasque
1174 2587 1284 2683 regio-

427 2745 483 2789 nes
496 2721 615 2792 delatus
628 2749 706 2793 sum.
760 2721 882 2793 Credidi
896 2746 980 2792 aurae
994 2720 1069 2805 leni,
1089 2733 1121 2791 et
1134 2719 1286 2816 tranquil-

426 2852 489 2924 lum
508 2854 636 2952 pelagus
655 2881 757 2926 meam
780 2853 887 2925 lelellit
903 2853 1121 2924 temeritatem.
1184 2852 1285 2923 Cirtes

428 2984 607 3080 ignorabam
640 3001 672 3058 et
703 2987 836 3058 latentes
867 2985 1011 3083 scopulos
1042 3011 1104 3055 non
1132 2983 1283 3082 praecavi,

427 3119 577 3191 adderant
600 3120 707 3218 piratae
729 3132 760 3190 et
781 3119 971 3202 nesciebam,
996 3130 1028 3187 et
1050 3117 1146 3188 fracta
1169 3116 1288 3187 sentina

427 3251 508 3322 latex
541 3252 736 3348 ingrediens,
765 3250 905 3346 fragilem
931 3249 1110 3320 summersit
1141 3249 1284 3320 cimbam.

428 3387 499 3456 Non
517 3384 682 3458 Charibdin
699 3410 761 3455 non
780 3382 915 3482 Scyllam
933 3381 1029 3466 evasi,
1055 3380 1165 3452 iisdem
1183 3380 1291 3451 absor-

428 3517 511 3602 brus,
533 3517 589 3588 sed
606 3517 743 3588 nondum
759 3517 799 3588 ab
814 3515 924 3586 iisdem
942 3513 1107 3585 evomitus.
1136 3513 1232 3584 Aurae
1248 3512 1292 3582 le-

430 3649 509 3720 nitas
523 3664 554 3721 et
566 3654 701 3748 aequoris
707 3646 882 3746 jucunditas
892 3657 1088 3717 commutatae
1098 3657 1178 3714 sunt.
1231 3645 1292 3713 lm-

429 3782 527 3880 pellor
552 3782 624 3852 llatu
647 3780 817 3852 immaniori
840 3778 945 3849 allrico
969 3790 1001 3848 et
1022 3789 1293 3874 pertumescentes

411 3921 413 3924 ’
431 3915 542 3987 [luctus
562 3938 732 3985 excurrens
748 3911 891 3983 Palinuro
912 3907 1085 3993 illidendos,
1109 3932 1211 3978 meam
1229 3909 1292 4004 jam
