3038 5036
432 733 544 779 ossssrr
560 733 594 778 rs
614 733 703 777 citet
722 733 867 783 sersrots.
984 753 988 764 ·
1014 715 1081 781 169

222 908 255 964 et
280 895 379 964 animo
401 893 475 964 tenti
500 893 557 962 viri
582 893 778 962 sermonibus
802 893 967 965 inhiantem
999 925 1004 963 :
1034 897 1083 966 Ad

222 1028 372 1098 visionem
391 1027 498 1122 gloriae
519 1051 599 1097 meae
621 1051 691 1123 quae
709 1025 761 1096 tibi
784 1051 924 1124 praesens
942 1043 1001 1101 est.
1024 1031 1083 1100 noli

225 1183 446 1257 expavescere,
466 1159 535 1257 quie
555 1185 615 1230 non
638 1159 697 1230 huc
717 1159 787 1228 veni
809 1173 842 1229 ut
865 1160 918 1230 tibi
942 1161 1084 1232 timorem

227 1293 370 1364 incutiam
434 1292 569 1362 Haesites
595 1292 728 1362 sortasse
753 1291 821 1388 quis
847 1291 886 1362 sit
908 1293 959 1388 qui
984 1307 1086 1364 tecum

229 1423 370 1520 loquitur,
388 1437 448 1494 etc.
505 1482 510 1491 .
567 1481 572 1490 .
629 1481 634 1491 .
688 1423 757 1517 Ego
775 1447 842 1492 sum
861 1437 987 1494 sanctus
1005 1451 1087 1494 mar-

228 1570 278 1654 tyr
299 1557 354 1627 Dei
373 1533 566 1636 Leiurentius
587 1557 674 1652 cujus
692 1555 786 1627 titulis
808 1581 950 1654 praesens
967 1583 1085 1628 conse-

227 1665 309 1759 crata
332 1701 380 1758 est
398 1687 533 1768 basilice,
558 1700 617 1758 etc.
674 1747 679 1756 .
737 1747 742 1755 .
799 1746 805 1757 .
859 1689 961 1785 Surge
982 1689 1086 1786 itaque

230 1834 262 1890 et
278 1819 376 1890 excita
393 1818 505 1889 fratres
519 1817 557 1888 ad
573 1833 722 1889 nocturne
736 1819 885 1899 solennia,
899 1834 959 1891 etc.
1016 1881 1020 1890 .
1080 1883 1084 1890 .

234 2012 239 2020 .
296 2011 301 2021 .
360 2011 364 2020 .
422 2011 427 2020 .
470 1952 510 2021 Et
524 1951 591 2022 haec
608 1950 727 2034 dicens
749 1939 875 2022 sanetus
895 1953 951 2022 Dei
970 1968 1089 2052 martyr

230 2084 413 2157 Laurentius
435 2082 546 2153 eodem
568 2083 691 2153 tramite
713 2108 775 2180 quo
803 2085 904 2168 venit,
930 2085 1007 2155 mira
1032 2085 1088 2154 Dei

229 2215 343 2286 virtute
366 2215 507 2298 recessit,
536 2213 619 2311 quod
642 2215 822 2287 sublevatus
843 2241 860 2286 e
883 2229 977 2301 terra,
1004 2217 1090 2288 visus

232 2360 282 2418 est
298 2347 328 2418 in
342 2373 414 2419 aere
428 2347 557 2419 firmiter
574 2345 720 2418 incedere
743 2361 775 2418 et
790 2371 848 2445 per
865 2373 1005 2419 mensem
1023 2351 1092 2419 Do-

231 2481 385 2563 minicam,
402 2505 493 2552 secus
509 2479 725 2551 eucharistiam
738 2478 878 2577 eorporis
895 2478 1007 2551 Christi
1020 2505 1090 2578 per-

233 2615 365 2685 transire
387 2670 831 2683 ........
881 2633 895 2680 ·.
953 2671 958 2679 .
1017 2671 1021 2680 .
1080 2671 1085 2681 .

320 2847 519 2920 EPISTOLA
540 2847 643 2916 XXX.
665 2889 712 2896 -
730 2845 777 2914 Ar
799 2846 1007 2914 Miseritus.

236 3011 383 3082 Osbertus
399 3012 436 3082 de
455 3010 565 3090 Clara,
584 3007 685 3104 sactus
702 3010 735 3078 tn
754 3010 1000 3105 pereqrinatione
1014 3034 1093 3104 qra-

285 3146 329 3214 tia
345 3145 405 3214 Dei
423 3167 517 3213 novus
539 3141 725 3239 evasqelista
747 3141 823 3210 Jesti
842 3139 972 3219 Christi,
993 3138 1093 3209 dilec-

287 3276 415 3345 tissimoe
439 3275 524 3370 septi
543 3298 609 3342 suoe
638 3273 833 3370 Marqaritoe,
863 3272 1095 3342 sanctinwnt'ali

286 3409 402 3504 virqini
417 3407 481 3476 Deo
496 3406 617 3486 dicate,
633 3405 775 3474 claritate
796 3406 946 3474 virtutum
965 3417 992 3473 et
1011 3403 1096 3472 lam-

285 3537 365 3636 pade
387 3539 532 3608 bonorum
550 3564 675 3635 operum
697 3539 742 3606 ita
765 3534 982 3633 splendescere,
1006 3549 1040 3604 ut
1062 3537 1096 3603 in

289 3697 399 3741 corona
407 3673 500 3768 Heqis
510 3673 618 3742 eterni
626 3673 707 3742 inter
715 3669 859 3739 rstilosos
869 3666 988 3764 lapides
998 3667 1099 3736 valeat

290 3829 455 3875 coruscare.

293 3937 393 4006 Labor
418 3934 546 4005 Romani
579 3934 712 4004 itineris.
745 3933 795 4030 qui
826 3945 963 4002 mentem
998 3955 1098 4000 meam

938 4050 969 4095 ee
