3038 5036
412 710 480 778 l86
619 730 732 778 osirim
748 731 784 777 nr
802 733 893 778 carna
911 732 1058 778 arrsrora.

409 907 584 1004 Eapropter
613 905 741 976 deceret
766 918 800 976 ut
824 930 882 1002 pro
908 917 970 976 tarn
1000 906 1141 1003 expedita
1165 921 1270 978 sancta

410 1038 515 1135 operis
537 1036 580 1107 tui
605 1035 788 1119 hierarchia,
813 1061 941 1106 arcuum
965 1036 1019 1109 tibi
1042 1037 1271 1135 triumphalium

409 1168 586 1264 erigeretur
603 1168 734 1252 fabrica,
757 1168 788 1239 in
812 1168 925 1266 quibus
951 1169 1061 1241 suturis
1079 1169 1272 1241 intimaretur

410 1300 662 1398 generationibus
678 1326 771 1398 quam
788 1299 963 1372 desiderata
980 1301 1094 1398 populo
1116 1328 1173 1373 suo
1189 1303 1272 1373 bona

382 1417 385 1424 .
410 1431 470 1503 tuis
493 1455 551 1530 per
576 1443 607 1501 te
633 1430 827 1527 temporibus
854 1445 1001 1530 operatus
1023 1433 1062 1503 sit
1087 1436 1182 1504 Deus.
1235 1435 1272 1504 ln

410 1563 563 1664 descensu
575 1587 651 1634 vero
669 1563 783 1633 montis
796 1563 917 1661 Tarpeii
938 1563 1062 1635 fabricae
1080 1564 1272 1664 triumphalis

410 1647 580 1766 machiriam
597 1693 763 1789 diligenter
779 1693 911 1792 inspexi.
926 1719 1018 1791 quam
1039 1709 1110 1793 post
1125 1694 1272 1767 destrue-

410 1828 525 1898 tionem
542 1826 629 1898 urbis
644 1825 871 1924 Hierosolymae
888 1827 958 1898 Tito
981 1827 1182 1924 Vespasiano,
1201 1829 1271 1924 ejus

409 1957 566 2029 victoriam
581 1957 702 2029 saeculis
715 1958 860 2030 omnibus
872 1959 1080 2056 propalantes,
1101 1971 1271 2029 erexerunt

410 2089 556 2173 Romani3
572 2090 654 2189 quod
668 2103 700 2161 et
716 2089 771 2163 tibi
784 2090 868 2186 juste
886 2102 949 2161 tota
965 2089 1099 2162 deberet
1114 2089 1271 2162 Britannia

410 2222 513 2293 lacere
545 2234 577 2292 et
605 2222 789 2320 pretiosiore
819 2222 893 2292 satis
925 2222 1107 2294 excellentia
1135 2221 1271 2294 studium

409 2352 583 2448 vigilanter,
604 2353 629 2424 si
646 2352 685 2424 ad
702 2352 761 2424 hoc
779 2352 949 2434 sufficeret,
970 2352 1139 2424 adhibere.
1197 2411 1202 2421 .
1260 2411 1266 2422 .

460 2788 662 2861 ausuum
678 2789 829 2859 XXXIX.
847 2831 893 2840 -
906 2789 953 2859 An
958 2846 1215 2857 .....

460 3026 518 3098 Diu
529 3039 588 3110 est,
603 3025 691 3120 virgo
709 3049 807 3107 sacra,
826 3049 948 3096 summo
961 3023 1029 3119 regi
1041 3023 1148 3119 gloriae
1160 3024 1271 3095 coelibe

412 3156 606 3228 matrimonio
631 3155 786 3253 copulata,
816 3154 898 3253 quod
925 3155 979 3226 tibi
1008 3180 1059 3226 me
1085 3155 1270 3253 scriptumm

411 3287 534 3386 aliquod
552 3286 702 3386 spopondi
718 3288 998 3372 commonitorium,
1016 3288 1099 3359 unde
1120 3301 1190 3360 tuus
1215 3313 1272 3358 ac-

410 3419 598 3492 cenderetur
610 3420 730 3492 animus
742 3421 780 3492 ad
797 3419 970 3519 appetenda
984 3421 1156 3492 coelestium
1170 3420 1272 3491 solen·

411 3555 460 3625 nia
492 3554 678 3652 nuptiarum.
732 3556 818 3624 Inter
851 3553 988 3625 illustres
1019 3553 1102 3622 enim
1130 3551 1273 3623 loeminas

411 3687 557 3759 natalium
574 3685 791 3785 splendoribus
807 3685 919 3770 radias,
940 3685 997 3756 sed
1014 3684 1185 3780 fulgoribus
1203 3685 1273 3754 vir-

410 3832 510 3892 tutum
526 3818 623 3890 multo
636 3817 778 3889 serenius
787 3818 851 3914 jam
864 3787 1021 3887 coruscas.
1074 3817 1122 3885 Ex
1139 3827 1273 3912 utroque

410 3953 518 4037 latere,
546 3949 651 4022 multae
677 3950 771 4022 castis
795 3949 935 4022 moribus
954 3949 1014 4020 tuis
1039 3945 1274 4045 suppeditantur
