3038 5036
351 752 452 798 uiuunt
472 752 576 798 intents
592 751 807 796 cnmt'nntnnsts
823 751 970 796 iselsteine.
1025 725 1096 800 247

242 910 356 979 amoris
377 911 545 1004 jungantur
571 910 727 993 allectum,
752 910 838 980 utin
863 923 981 980 aeterne
1004 910 1099 1005 glorio

241 1041 352 1112 enimae
365 1056 482 1112 nostrae
496 1042 620 1112 sociatae
630 1042 765 1136 gaudere
777 1055 966 1113 mereantur.
983 1042 1096 1112 Amen.

240 1297 440 1367 EPISTOLA
465 1297 516 1368 lll.
534 1299 642 1368 —Ao
665 1301 836 1370 Tuusmuuu
859 1322 1096 1367 incuinrneonuu.

245 1429 421 1501 Venerabili
442 1430 659 1501 archidiacono
682 1433 845 1510 Tuistono,
867 1430 967 1526 [noter
984 1430 1099 1499 Elme-

289 1563 537 1642 meminimus
568 1563 790 1634 monachornm
817 1551 949 1634 eeclesiae
981 1559 1101 1631 Ctrtsn

292 1694 492 1776 Contemnite,
527 1696 721 1794 insatipolrili
752 1695 903 1767 desiderio
932 1694 1101 1766 coelestidus

290 1828 458 1908 inhorrere,
486 1843 514 1899 et
539 1830 766 1900 interminabili
788 1829 904 1926 qondio
930 1831 964 1899 in
989 1828 1100 1898 iisdem

286 1960 382 2055 pleno
399 1961 544 2056 felicitate
557 1960 701 2059 pondere.

289 2227 428 2309 Memor,
461 2224 676 2310 dilectissime,
704 2225 838 2298 dulcium
872 2226 1099 2325 lachrymarum

240 2382 317 2454 quas
342 2357 423 2427 iuter
448 2357 596 2456 colloquia
620 2383 700 2430 meae
725 2358 885 2456 parvitatis
907 2358 1097 2457 profudistis,

241 2488 314 2559 dum
326 2488 366 2560 de
380 2489 514 2560 miseriis
530 2490 604 2561 nitae
619 2491 785 2588 praesentis
801 2515 907 2562 sermo
926 2503 1098 2573 texeretur,

241 2647 279 2692 eo
300 2622 398 2719 magis
419 2622 585 2695 voluntatis
603 2635 720 2694 vcstrae
738 2647 788 2693 me
806 2649 963 2720 cognosco
980 2623 1099 2694 debito-

240 2779 319 2838 rem,
343 2780 404 2852 quo
428 2754 598 2827 bonitatem
620 2768 759 2826 vestram
785 2779 860 2851 erga
886 2780 937 2826 me
965 2755 996 2824 in
1024 2781 1100 2852 pura

240 2888 403 2960 dilectione
420 2888 585 2960 considero
599 2913 670 2960 esse
684 2890 844 2985 majorem.
898 2890 967 2958 Huc
983 2884 1101 2958 accedit

241 3020 323 3118 quod
335 3047 426 3118 supra
439 3021 525 3092 vires
538 3022 680 3120 proprias
692 3021 829 3120 petitioni
844 3033 961 3090 vestrae
974 3019 1101 3088 obtem-

240 3177 352 3251 perare
378 3152 551 3238 contendo,
576 3154 650 3225 dum
676 3178 711 3226 ea
739 3179 810 3252 quae
837 3151 908 3223 mihi
934 3148 1099 3221 scribenda

240 3285 423 3382 injunxistis,
443 3285 601 3384 quomodo
613 3281 790 3385 exprimere
807 3285 954 3383 disp0n0;
970 3307 1100 3353 succur-

239 3429 288 3488 ret
301 3417 383 3487 enim
395 3416 468 3487 mihi
479 3417 563 3515 pium
576 3416 766 3488 desiderium
779 3429 920 3486 vostrum
931 3415 982 3486 ubi
994 3438 1097 3484 meum

239 3548 374 3621 deficere
392 3548 547 3620 videbitur
569 3549 736 3645 ingenium.
789 3547 899 3618 Petivit
920 3547 1022 3644 itaque
1045 3544 1099 3615 di-

239 3682 331 3753 lectio
358 3694 462 3751 vestm
488 3679 599 3778 aliquid
628 3680 684 3751 sibi
716 3707 732 3750 a
759 3705 810 3750 me
840 3678 986 3762 describi,
1015 3675 1097 3748 unde

196 3899 198 3903 ,
238 3814 438 3912 perpendatis
452 3827 483 3884 et
499 3814 594 3884 vitam
607 3827 745 3884 vestrum
760 3811 929 3883 secundum
943 3809 1099 3906 benepla—

240 3948 332 4019 citum
357 3948 418 4018 vivi
446 3971 480 4017 ac
507 3947 573 4017 veri
597 3947 653 4017 Dei
680 3946 789 4018 melius
817 3943 982 4040 dijudicare
1006 3954 1098 4038 etque

935 4076 966 4123 es
