3012 5040
405 757 515 801 osarnrr
532 756 567 800 nr
585 755 677 800 cunm
693 755 839 800 rrrsroun.
981 732 1049 798 445

193 914 339 1012 gnificant
355 912 520 1011 praeconia,
541 911 671 982 dumea
690 910 791 982 officio
808 911 898 982 vobis
917 912 1051 1008 injuncto

193 1045 311 1116 cunctis
337 1042 499 1141 responsio
523 1041 661 1112 redditur
684 1041 828 1137 gratiosa.
889 1042 1054 1114 Conssuunt

194 1176 328 1273 undique
348 1174 387 1245 ad
407 1173 581 1245 desiderata
606 1187 668 1244 tam
687 1173 893 1270 praecellentis
910 1199 1054 1271 personae

195 1309 337 1408 praesidia
358 1309 479 1404 agmina
502 1309 643 1378 certatim
666 1307 884 1392 ecclesiastica,
908 1321 939 1378 et
960 1334 1056 1406 quem

197 1443 274 1512 lama
289 1441 415 1512 virtutis
428 1455 460 1511 et
478 1441 582 1511 titulus
598 1440 695 1511 laudis
711 1440 755 1511 ad·
766 1442 863 1512 coelos
880 1467 978 1538 usque
995 1468 1054 1511 su-

179 1574 329 1645 blimiter
346 1574 463 1658 extulit,
484 1573 672 1670 triumphare
691 1573 860 1643 solenniter
876 1573 906 1642 in
928 1573 1051 1643 virtuti-

198 1708 253 1777 bus
271 1721 449 1777 sanctorum
477 1705 652 1775 attollendis
678 1705 790 1794 indicit.
843 1706 898 1777 Cui
924 1731 1054 1801 regnum

124 1865 127 1872 ’
196 1837 305 1936 duplici
324 1837 497 1908 diademate
512 1837 645 1908 debetur
657 1851 820 1923 aeternum,
837 1837 980 1936 quoniam
998 1865 1054 1908 sa—

196 1972 307 2070 pientia
326 1973 382 2042 Dei
403 1998 566 2070 perquam
585 1997 679 2068 reges
699 1985 841 2068 regnant,
862 1971 1055 2070 prudentiam

196 2119 333 2176 vestram
345 2105 383 2176 ad
396 2105 607 2176 informandos
618 2107 703 2177 orbis
721 2105 876 2204 principes
889 2105 1055 2178 efficaciter

197 2237 316 2322 imbuit,
332 2250 364 2308 et
376 2239 461 2334 regia
475 2239 635 2342 sanctitate
650 2229 689 2309 ab
702 2239 790 2310 annis
802 2239 972 2336 puberibus
985 2241 1055 2310 abs-

197 2395 256 2466 quo
280 2397 401 2440 morum
427 2370 612 2442 offendiculo
635 2370 858 2468 triumphaliter
882 2369 1051 2440 adornavit.

197 2502 362 2598 Sceptrum
379 2527 511 2599 namque
530 2501 644 2597 regalis
662 2500 783 2571 dextrae
798 2513 915 2571 vestrae
932 2526 1056 2598 nequa-

197 2658 288 2730 quam
308 2657 347 2702 ex
363 2657 438 2702 auro
456 2631 621 2702 fabricatur
642 2643 693 2701 aut
713 2631 822 2715 ebore,
847 2631 904 2702 sed
922 2631 1055 2702 discreta

198 2763 335 2834 facundia
349 2777 379 2833 et
394 2776 573 2834 sanctorum
586 2789 716 2860 operum
730 2762 883 2860 praecipua
899 2763 1052 2848 claritate;

199 2921 233 2966 ac
249 2921 307 2992 per
330 2894 390 2966 hoo
407 2896 494 2991 virga
513 2895 705 2980 directionis,
729 2896 816 2990 virga
832 2896 931 2991 regni,
950 2900 1056 2992 virga-

200 3051 258 3123 que
284 3025 459 3110 sacerdotii,
479 3025 561 3124 quod
583 3026 755 3124 imperante
777 3027 909 3096 Domino
930 3055 946 3098 a
967 3029 1057 3099 vobis
1168 3053 1171 3060 ·

200 3157 237 3228 ad
260 3158 483 3255 perlectionem
507 3158 736 3229 administratur
757 3159 904 3244 fidelium,
927 3187 1058 3258 quorum

201 3287 356 3384 acquisitio
387 3275 484 3364 labori
511 3301 618 3359 vestro
642 3289 776 3360 cumulat
801 3291 999 3388 spiritualium
1027 3293 1056 3362 in

200 3418 344 3515 superuis
355 3419 472 3516 copiam
488 3418 713 3490 thesaurorum.
764 3421 970 3492 Protendatur
982 3448 1058 3519 ergo

202 3560 295 3618 tantae
310 3549 458 3646 potentiae
470 3548 579 3619 dextra
596 3549 634 3620 ad
648 3574 742 3646 opera
752 3551 878 3646 justitiae
892 3551 1059 3623 efficaciter

202 3681 364 3778 explenda,
388 3694 420 3752 et
437 3708 530 3780 quem
547 3683 623 3779 regii
642 3683 798 3779 sanguinis
817 3685 984 3781 parentalis
1001 3687 1060 3757 ad-

203 3813 306 3884 mixtio
322 3838 380 3912 per
397 3839 455 3884 nos
467 3813 607 3885 hortatur
624 3828 657 3884 ut
673 3813 794 3899 floreat,
808 3815 979 3887 secundum
991 3820 1059 3888 Do·
1114 3797 1116 3802 Ι

202 3947 272 4018 mini
288 3947 502 4020 consessorem
519 3961 550 4018 et
566 3973 674 4044 regem
691 3947 881 4020 Edwardum
899 3975 939 4020 ne
956 3950 1059 4047 patia-
