3038 5036
421 715 488 785 ffid
624 739 734 786 OEBERTI
753 739 786 784 nt
805 739 894 784 cttnn
913 737 1060 783 ttrtsrotn.

417 896 570 994 provincia
587 896 781 979 Glocestriae‚
802 895 893 966 situm
906 895 1040 967 defuncti
1055 923 1168 993 corpus
1185 895 1277 966 dela-

329 1117 334 1126 .
417 1040 481 1097 tum
496 1041 545 1098 est
558 1042 591 1098 et
604 1028 663 1098 sub
677 1027 845 1126 patrocinio
858 1028 1045 1100 beatissimae
1060 1029 1167 1099 Mariae
1186 1053 1276 1097 sem-

418 1167 474 1258 per*
503 1160 631 1256 virginis
663 1161 832 1232 solenniter
865 1174 897 1231 et
927 1160 1096 1231 honorifice
1130 1159 1277 1230 [raditum

415 1293 592 1390 sepulturae.
646 1292 720 1362 Dies
731 1292 833 1362 abbati
852 1291 1058 1388 fratribusque
1072 1292 1224 1374 statuitur,
1241 1304 1277 1359 ut

418 1426 507 1497 tertia
536 1452 608 1523 pars
636 1425 729 1496 totius
756 1425 865 1522 peculii
891 1452 948 1524 pro
972 1425 1105 1496 defuncti
1137 1423 1277 1494 remedio

416 1557 578 1630 dividatur.
632 1557 811 1628 Observcnt
822 1557 949 1628 sollicite
963 1573 1086 1656 tempus
1096 1556 1274 1640 utveniant‚

419 1703 579 1786 materque
592 1701 624 1758 et
635 1687 684 1758 fifii
697 1715 758 1785 quo
772 1701 921 1759 vocantur
932 1703 1104 1760 occurrant.
1157 1687 1276 1758 Adfue-

417 1835 499 1905 runt,
521 1820 572 1917 qui
590 1845 647 1916 pro
663 1818 752 1916 hujus
765 1819 808 1890 rei
823 1820 947 1914 negotio
965 1819 1101 1918 deputati
1120 1835 1191 1890 sunt
1208 1820 1275 1890 fra-

418 1968 483 2024 tres
496 1952 608 2035 idonei,
621 1951 771 2022 Dominus
781 1951 944 2046 RogeriuS,
961 1951 1044 2048 prior
1061 1951 1277 2022 Theutresbe-

417 2084 527 2155 riensis
550 2083 701 2168 ecclesiae,
723 2097 755 2153 et
776 2082 940 2152 Antonius.
993 2084 1156 2180 Quumque
1174 2083 1276 2152 omnia

417 2242 487 2315 quae
509 2216 672 2289 dividenda
695 2231 784 2287 erant
806 2215 1036 2287 deducerentur
1061 2217 1099 2288 ad
1124 2216 1272 2300 medium,

418 2362 513 2420 totam
531 2348 623 2420 etiam
640 2347 862 2446 supellectilem
879 2375 965 2420 suam
979 2349 1017 2420 ad
1033 2349 1188 2447 publicum
1205 2375 1277 2446 pro

418 2483 501 2567 tulit,
528 2496 645 2554 ettam
670 2509 742 2554 vasa
766 2482 901 2580 pretiosa
931 2509 1022 2580 quam
1047 2496 1161 2554 caetera
1184 2507 1275 2579 teque

416 2629 597 2686 ornamenta
619 2614 732 2685 divisit.
784 2614 866 2685 Nihil
884 2615 942 2685 sibi
960 2615 1056 2686 voluit
1075 2616 1200 2686 omnino
1218 2641 1276 2686 re-

417 2748 573 2846 linquere,
604 2747 687 2845 quod
712 2748 779 2818 sine
805 2762 893 2846 parte
920 2747 1056 2819 defuncti
1086 2748 1275 2820 deliberaret

418 2879 598 2978 possidere,
630 2905 725 2976 quum
760 2878 897 2978 scyphus
928 2904 1001 2950 ecce
1030 2879 1173 2950 residuus
1196 2906 1276 2950 unus

417 3028 693 3112 supererat,quem
702 3013 840 3112 praedicti
850 3013 1002 3111 pontificis
1014 3013 1153 3084 extitisse
1163 3012 1274 3084 eadem

417 3145 527 3216 muficr
550 3144 733 3216 affirmabat.
793 3143 973 3242 Eademque
996 3143 1103 3240 virago
1128 3143 1275 3240 diligebat

417 3291 555 3375 pateram
569 3277 647 3347 ultra
661 3277 882 3374 supellectilem
899 3303 991 3374 quam
1008 3277 1191 3374 possederat
1204 3277 1275 3347 uni—

418 3434 552 3480 versam.
591 3408 642 3480 Sic
654 3409 732 3480 illius
742 3409 773 3480 in
787 3424 893 3480 sancto
906 3409 973 3480 viro
985 3410 1126 3480 fervebat
1136 3409 1273 3496 devoti0,

419 3541 463 3613 sic
476 3567 562 3612 amor
574 3540 686 3612 ardere
704 3541 895 3612 sentiebatur
909 3539 1104 3624 intrinsecus⁷
1123 3553 1157 3610 ut
1173 3539 1277 3611 cordis

415 3673 637 3770 jucunditatem
663 3675 767 3746 vultus
787 3671 987 3772 profiteretur
1008 3671 1153 3743 exterior.
1206 3675 1278 3743 Ne-

419 3805 482 3876 scio
504 3819 606 3876 utrum
628 3806 686 3876 sibi
710 3805 792 3876 dono
817 3805 922 3876 datum
943 3830 999 3875 vas
1024 3803 1106 3875 idem
1128 3831 1145 3874 a
1170 3819 1278 3875 sancto

417 3939 561 4038 pontifice
580 3939 681 4022 fuerit,
701 3952 751 4008 aut
768 3966 784 4008 a
802 3963 956 4036 quoquam
974 3951 1111 4007 mutuum
1130 3936 1201 4008 illud
1218 3965 1276 4035 pro
