3050 5040
404 647 447 718 lb
602 673 738 720 arrsrore
755 675 888 720 auaarnrr
907 677 1040 722 nosnos.

401 832 457 902 tris
471 843 542 930 tuae,
560 846 680 904 tuarum
697 860 757 908 neo
770 835 896 907 aliamm
907 835 1173 908 necessitudinum
1184 837 1257 935 qui-

400 962 459 1032 bus
481 976 609 1062 propter
635 964 792 1036 Christum
822 965 1066 1051 abrenunciasti3
1092 991 1155 1036 non
1178 966 1257 1036 ultra

401 1094 617 1168 recordaberis
631 1110 754 1170 tuomm
773 1098 968 1170 invisibilium
984 1098 1118 1170 hostium
1135 1098 1175 1170 de
1192 1099 1258 1196 qui-

401 1227 460 1298 bus
470 1227 691 1324 gloriosissime
705 1228 909 1328 triumphasti.
930 1230 993 1302 Sed
1005 1231 1064 1301 erit
1075 1231 1127 1302 tibi
1141 1243 1257 1302 aeterna

400 1360 571 1458 possessio,
590 1388 647 1460 pro
665 1375 748 1432 terra
764 1361 907 1434 videlicet
926 1363 1051 1447 coelum,
1069 1389 1127 1460 pro
1146 1361 1258 1432 carnali

401 1505 488 1590 patre
504 1495 600 1577 Deus,
620 1519 677 1591 pro
694 1493 855 1591 temporali
871 1493 1028 1592 voluptate
1042 1507 1159 1564 aeterna
1177 1493 1258 1563 bea-

402 1623 510 1709 titudo,
528 1624 567 1696 de
586 1651 644 1723 qua
664 1641 754 1697 canet
774 1626 805 1696 in
816 1626 944 1724 psalmis
957 1625 1091 1724 Spiritus
1104 1627 1255 1696 Sanetus:

403 1755 502 1839 Quam
524 1782 635 1852 magna
651 1755 813 1826 multitudo
827 1755 998 1827 dulcedinis
1015 1767 1089 1840 tuae,
1108 1755 1256 1837 Domine,

404 1912 495 1983 quarn
517 1886 705 1958 abscondisti
731 1887 910 1959 timentibus
932 1893 980 1959 tel
1033 1886 1194 1958 Perleoisti
1215 1886 1260 1956 eis

404 2016 455 2114 qui
469 2030 595 2114 sperant
609 2017 639 2088 in
653 2031 695 2100 te,
715 2017 745 2087 in
758 2032 927 2116 conspectu
939 2017 1071 2089 liliorum
1088 2017 1255 2088 hominum.

405 2151 476 2246 Age
499 2150 601 2246 igitur,
627 2150 826 2222 dilectissime
846 2151 900 2236 lili,
927 2151 1010 2248 quod
1031 2151 1108 2246 agis,
1130 2175 1260 2249 operare

405 2282 488 2382 quod
505 2284 655 2382 operaris,
675 2311 737 2355 non
750 2300 877 2356 cessent
891 2311 1000 2356 manus
1017 2297 1089 2370 tuae,
1110 2310 1171 2354 non
1188 2308 1262 2354 oes-

407 2429 477 2486 sent
494 2415 593 2514 pedes
612 2415 664 2486 tui.
693 2417 867 2486 Persevera
884 2415 913 2485 in
931 2440 1030 2511 agone
1051 2440 1144 2513 quem
1157 2439 1263 2510 agres-

406 2575 460 2620 sus
484 2574 536 2633 es,
561 2547 704 2646 quoniam
728 2574 790 2618 non
817 2547 1016 2618 coronabitur
1039 2547 1107 2645 quis
1133 2547 1190 2617 nisi
1212 2545 1263 2643 qui

406 2683 541 2779 legitime
554 2682 732 2753 certaverit.
765 2681 979 2788 Resurrexita
992 2694 1094 2752 morte
1109 2679 1259 2762 Salvator,

406 2815 545 2888 ascendit
567 2815 597 2886 in
621 2815 750 2900 coelum3
778 2829 932 2914 praeparat
957 2814 1048 2885 nobis
1072 2811 1260 2893 mansiones,

407 2951 518 3020 iterum
544 2961 572 3018 at
590 2974 649 3018 nos
666 2961 832 3032 venturus,
862 2973 919 3017 nos
942 2946 1027 3044 ipsos
1048 2945 1086 3016 ad
1107 2970 1142 3015 se
1164 2944 1262 3042 ipsum

407 3095 605 3180 recepturus,
633 3080 692 3150 illis
720 3080 750 3150 in
777 3079 895 3174 gaudiis
917 3103 987 3174 quae
1013 3102 1106 3147 nemo
1134 3076 1220 3146 tollet
1245 3101 1263 3144 a

408 3214 509 3298 nobis,
526 3240 597 3312 quae
611 3239 669 3284 nec
683 3213 789 3284 oculus
803 3211 878 3282 vidit
891 3237 950 3282 nec
962 3209 1044 3281 auris
1061 3207 1186 3292 audivit,
1206 3231 1264 3276 nec

409 3345 439 3416 in
463 3371 518 3416 cor
540 3344 674 3416 hominis
702 3342 920 3414 ascenderunt.
980 3342 1058 3424 Quae
1086 3337 1139 3409 tibi
1167 3337 1265 3410 tuisve

411 3477 566 3548 sodalibus
584 3475 769 3574 praeparavit
789 3487 860 3546 tuus
876 3473 1030 3556 Salvator,
1050 3470 1101 3568 qui
1121 3469 1173 3540 loti
1192 3468 1268 3538 estis

411 3611 439 3681 in
465 3609 614 3705 sanguine
636 3608 736 3704 Agni,
764 3621 796 3678 ut
822 3632 884 3676 non
910 3603 1060 3703 polluistis
1085 3601 1269 3672 vestimenta

411 3757 515 3813 vestra
545 3742 574 3811 in
601 3739 714 3812 carnali
746 3737 994 3810 conversatione.
1047 3737 1091 3806 lla
1114 3732 1297 3816 felicitate·

412 3873 510 3958 Felix,
532 3872 594 3944 eris
611 3872 683 3942 felix
701 3884 731 3941 et
750 3897 784 3941 re
803 3884 833 3940 et
852 3868 986 3940 nomino.
