3012 5040
422 713 467 783 82
621 735 758 781 urrsrons
771 735 903 780 munuum
917 736 1049 782 nosiuon.

421 907 453 964 et
471 893 676 965 munificentia
695 919 764 964 mea
784 905 869 964 tanto
892 893 1036 964 inferiora
1058 906 1141 977 sunt,
1163 907 1279 992 quanto

421 1038 471 1095 tua
489 1026 643 1122 praeeonia
659 1038 691 1095 et
708 1049 813 1096 rerum
830 1024 1007 1095 inventione
1024 1037 1056 1094 et
1074 1024 1184 1120 eloquii
1203 1051 1279 1095 sua-

420 1155 514 1226 vitate
532 1168 710 1226 nostrorum
730 1168 906 1252 tempomm
926 1167 1068 1226 oratores
1083 1155 1276 1252 praecellunt.

421 1288 551 1358 Senecae
569 1286 635 1358 cola
653 1298 685 1356 et
698 1284 787 1357 Tullii
806 1298 925 1356 comata
942 1298 992 1356 tua
1010 1284 1082 1356 mihi
1099 1285 1212 1384 scripta
1228 1312 1280 1358 re-

421 1420 601 1504 formarent,
622 1419 679 1490 nisi
701 1419 751 1516 qui
774 1431 826 1490 tua
848 1444 887 1490 eo
908 1444 979 1490 meo
996 1419 1141 1502 videntur
1164 1418 1278 1517 judicio

421 1551 620 1646 elegantiora,
641 1577 703 1648 quo
721 1563 752 1620 et
769 1549 848 1644 legis
862 1549 934 1620 vino
952 1563 983 1620 et
1002 1550 1153 1646 evangelii
1170 1551 1278 1622 inlun-

420 1684 534 1756 duntur
557 1684 646 1754 lacte.
699 1685 782 1754 Vera
802 1683 928 1780 loquor,
953 1683 1044 1753 nullis
1067 1683 1126 1754 tuis
1150 1683 1278 1754 adulans

420 1816 542 1900 divitiis,
562 1815 635 1886 mihi
651 1815 796 1887 miraculo
816 1828 865 1885 est
883 1815 1039 1910 ingenium
1057 1829 1154 1899 tuum,
1177 1816 1228 1913 qui
1247 1829 1278 1886 et

418 1959 508 2018 extra
519 1948 619 2019 cubile
635 1947 835 2045 philosophiae
848 1947 878 2018 in
891 1947 1080 2045 philosophia
1093 1946 1275 2044 requiescis,

419 2092 453 2149 et
470 2091 557 2149 extra
578 2078 703 2176 spiritus
721 2077 906 2150 domicilium
924 2079 1119 2177 spiritualiter
1135 2079 1278 2150 delecta-

420 2210 473 2280 ris.
502 2210 572 2306 Age
588 2209 680 2305 igitur
692 2209 774 2308 quod
787 2209 864 2305 agis,
881 2234 1012 2308 operare
1026 2209 1106 2307 quod
1120 2209 1274 2308 operaris;

422 2340 529 2412 insiste
543 2341 624 2425 stilo,
640 2365 715 2412 vaca
727 2339 860 2410 lectioni.
903 2339 962 2424 Qui
975 2340 1005 2410 in
1018 2354 1049 2410 te
1063 2339 1154 2436 hujus
1165 2340 1277 2436 ingenii

421 2473 580 2546 collocavit
597 2473 737 2569 gratiam,
762 2471 923 2570 quidinde
943 2471 1077 2542 facturus
1096 2471 1135 2542 sit
1153 2471 1278 2569 praesci-

420 2606 546 2676 vitante
564 2604 668 2677 mundi
685 2603 949 2688 constitutionem
970 2605 1122 2702 patienter
1134 2619 1275 2704 expecta,

421 2738 474 2808 tibi
505 2736 652 2835 operandi
680 2736 841 2807 materiem
869 2751 1023 2834 praeparat
1049 2737 1197 2835 praeclara
1225 2737 1276 2834 qui

420 2869 546 2941 contulit
563 2869 779 2940 instrumenta.
832 2871 950 2966 Majora
969 2869 1117 2955 dicerem,
1137 2870 1194 2941 sed
1206 2883 1277 2942 vota

421 3001 584 3099 suppleant
596 2999 679 3098 quod
691 3000 801 3104 rationi
818 3000 919 3072 deest.
972 3001 1104 3100 Propino
1118 3002 1188 3086 tihi;
1206 3027 1276 3074 cum

420 3131 500 3204 bibis
516 3131 555 3203 do
571 3158 668 3231 cuppa
686 3159 767 3218 mea,
783 3133 908 3232 duplum
920 3161 977 3232 pro
991 3135 1101 3232 simplo
1116 3131 1188 3206 meo
1200 3161 1276 3234 pro-

420 3263 525 3334 mittis.
578 3263 659 3336 Meis
675 3264 706 3334 in
722 3265 958 3335 necessitatibus
974 3277 1024 3336 tua
1041 3265 1118 3337 labia
1136 3265 1276 3337 efficiun-

421 3410 471 3468 tur
492 3396 720 3480 holocaustum,
749 3397 845 3468 verba
869 3397 972 3469 cordis
997 3398 1022 3468 si
1044 3397 1129 3469 cordi
1150 3413 1272 3482 sonent,

421 3543 452 3600 et
465 3529 603 3628 inspiciat
615 3529 788 3602 intellectus
801 3530 883 3628 quod
897 3531 1077 3628 prontmciat
1088 3531 1271 3603 intellectus

419 3661 600 3755 Exaggeras
613 3688 720 3758 parva,
734 3641 856 3732 eitollis
868 3661 999 3747 modica,
1015 3675 1214 3760 paternomm
1227 3663 1274 3732 al-

419 3791 552 3863 lectuum
571 3792 704 3864 imitator
724 3794 775 3891 qui
797 3794 964 3866 liberorum
984 3795 1119 3867 maculas
1137 3795 1277 3893 pulchri-

418 3922 554 3994 tudinem
567 3924 722 4021 appellare
736 3925 845 3996 solent.
889 3927 1042 3997 Promittie
1068 3951 1206 4010 morem,
1218 3926 1275 3997 sed
