3038 5036
460 724 498 769 Ab
515 725 607 770 luullu
625 725 763 770 uuuulctbl
779 723 935 768 SECUNDUM.

470 881 552 942 Hique
562 881 674 944 proximi
687 882 750 930 suut
765 879 814 930 tibi

469 981 517 1038 oui
527 981 564 1031 sic
577 993 647 1030 nune
659 979 823 1042 triumphant
837 978 884 1027 ibi.

471 1077 642 1128 Tribulantur
654 1079 776 1128 saraceni

473 1180 603 1228 Immenso
612 1177 702 1228 dolore
713 1177 784 1240 pleni
796 1213 802 1236 ,

473 1276 503 1325 llt
512 1275 631 1326 exultant
642 1275 794 1334 Christiani,

471 1373 562 1424 cultus
572 1387 633 1424 casu
643 1373 697 1436 jam
711 1372 825 1436 profani.

471 1475 524 1522 llex
534 1473 651 1524 cbristus
662 1485 709 1536 per
720 1485 804 1536 genus
814 1475 889 1522 tuum

474 1571 514 1620 Sic
526 1573 664 1622 conservat
676 1570 763 1620 lucram
776 1583 863 1630 suum,

473 1668 642 1731 sepulcrique
653 1669 737 1718 sancti
750 1667 829 1718 decus

475 1769 547 1818 llaud
558 1767 656 1818 delebit
664 1781 740 1818 error
749 1780 844 1818 caecus.

474 1866 527 1913 linc
535 1861 643 1916 edoctus
653 1875 679 1912 es
688 1861 821 1925 exemplo.

476 1967 507 2014 Ut
516 1963 612 2026 ubique
624 1963 670 2014 liei
681 1962 781 2026 templo

473 2065 521 2112 Per
533 2065 558 2112 te
569 2061 625 2128 jam
637 2063 671 2112 sit
684 2065 862 2112 restauratum

474 2161 547 2220 Quod
561 2161 667 2227 ingebat
679 2161 752 2224 plebs
765 2161 893 2210 ablatum.

452 2253 454 2264 '
473 2263 618 2316 Jerusalem
628 2275 722 2314 novam
733 2261 838 2322 bundas,

475 2365 580 2423 llocque
589 2374 702 2425 regnum
714 2364 798 2410 totum
810 2358 920 2408 mundas

477 2465 497 2512 Α
509 2431 642 2526 spurcitiis
656 2473 746 2512 eorum

478 2561 549 2611 servi
561 2561 607 2622 qui
621 2563 684 2610 suut
695 2559 837 2612 idolerum.

477 2663 508 2710 lit
520 2663 660 2723 argentum
672 2659 817 2710 ambientes

476 2761 569 2810 blultas
581 2759 733 2810 oeciderunt
746 2763 848 2822 gentes.

477 2859 776 2909 Virlloratiollaeeenas

477 2958 580 3008 Amoris
591 2957 682 3008 laxans
694 2957 819 3016 habenas,

479 3063 529 3110 suo
542 3064 660 3124 ternpore
672 3059 763 3110 dilexit

481 3164 511 3210 Et
520 3161 546 3210 in
559 3160 648 3210 multis
658 3160 729 3210 bunc
741 3160 872 3224 proventu

483 3264 513 3310 Et
523 3261 662 3326 Virgilius,
674 3263 787 3311 venusto

478 3361 599 3411 Carmine
612 3363 704 3424 gratus
717 3362 846 3422 Auguste,

481 3463 579 3509 auctus
590 3463 630 3510 est
642 3459 760 3510 mercede
769 3459 848 3516 bona,

480 3558 571 3622 impla
581 3559 645 3609 satis
654 3557 849 3610 sumensdona.

479 3659 608 3722 Iosephus
618 3671 663 3722 spe
676 3671 728 3708 non
744 3658 815 3707 inani

481 3757 574 3807 Filium
588 3756 738 3820 Vespasiani

481 3857 567 3906 Titum
578 3855 668 3906 colens
683 3854 809 3904 liberatur

481 3953 671 4013 servituteque
682 3955 818 4014 gravatur.
