3012 5040
414 671 482 742 l3l
618 699 730 744 osurmr
748 699 783 744 ur
801 699 892 744 canan
909 699 1055 744 unsronn.

412 851 488 947 priae
514 852 602 922 matri
628 850 762 922 reddere
788 877 851 921 non
874 849 1001 922 dilleras
1022 851 1128 922 filium.
1182 852 1272 922 Etsi

413 982 602 1054 seminecem
620 982 879 1080 deprehenderis
899 1009 957 1079 age
978 983 1061 1081 quod
1083 995 1191 1054 noster
1208 985 1272 1053 Sa-

413 1115 581 1186 maritanus
598 1115 671 1211 egit,
688 1116 738 1213 qui
756 1115 956 1211 languentem
973 1115 1056 1186 illum
1070 1116 1194 1187 omnino
1209 1142 1270 1185 non

415 1249 578 1344 confregit,
600 1249 655 1320 sed
669 1263 701 1321 ut
714 1264 849 1334 curaret,
869 1249 1013 1348 imposuit
1034 1249 1064 1320 in
1082 1251 1267 1346 jumentum,

415 1395 447 1452 et
477 1381 688 1454 misericordia
719 1395 823 1454 motus
851 1383 937 1455 duxit
963 1383 993 1452 in
1019 1382 1185 1454 stabulum.
1239 1382 1270 1452 Si

415 1539 480 1611 prae
497 1513 541 1586 ira
560 1515 701 1586 turbatus
717 1527 766 1585 est
783 1514 890 1586 oculus
906 1514 1017 1585 anirnae
1034 1526 1107 1598 tum,
1128 1541 1191 1586 non
1211 1541 1271 1612 po-

416 1646 491 1716 teris
510 1645 664 1717 interdurn
683 1647 767 1742 juste
787 1646 935 1742 judicare.
989 1650 1036 1718 Dc
1056 1647 1187 1717 Domino
1205 1649 1271 1717 Deo

417 1792 523 1848 nostro
544 1777 573 1848 in
592 1777 670 1848 libro
693 1777 858 1874 Sapientiae
877 1779 1026 1876 scriptum
1046 1791 1095 1848 est
1118 1805 1123 1846 :
1147 1781 1193 1850 Tu
1211 1805 1271 1849 au-

418 1925 492 1993 tem,
512 1910 654 1994 Domine,
671 1909 806 1980 Sabaoth
821 1936 892 1981 cum
910 1910 1126 2008 tranquillitate
1140 1910 1268 2006 judicas.

418 2041 631 2138 Tranquillitas
659 2041 742 2111 enirn
772 2043 884 2112 mentis
915 2043 1020 2114 oculus
1050 2055 1099 2112 est
1129 2041 1269 2125 rationis3

418 2172 500 2242 unde
526 2174 688 2270 pastoralis
710 2174 797 2270 virga
828 2201 890 2245 non
917 2189 1115 2273 potestesse
1143 2174 1269 2258 dilecta,

418 2305 470 2376 ubi
485 2305 638 2377 sententia
651 2305 847 2403 praesidentis
862 2305 1027 2376 iracundiae
1044 2305 1135 2377 luerit
1145 2305 1273 2377 stimulis

417 2436 539 2532 agitata.
592 2436 673 2507 Audi
687 2436 759 2534 quid
778 2436 850 2507 indo
866 2437 976 2508 beatus
987 2437 1158 2532 Gregorius
1169 2439 1274 2508 Leon-

418 2569 459 2639 tio
477 2569 634 2640 exconsuli
654 2569 736 2640 inter
752 2583 867 2640 caetera
883 2568 976 2639 dicit:
993 2569 1122 2652 Quoties
1141 2568 1274 2640 animum

419 2700 462 2771 ira
475 2700 601 2783 invadit,
617 2715 756 2772 mentem
772 2699 894 2784 edoma,
913 2700 1002 2770 vince
1017 2700 1162 2797 teipsum,
1185 2699 1275 2770 diller

418 2845 541 2930 tempus
562 2834 684 2904 luroris.
738 2835 841 2918 Quum
867 2833 1029 2931 tranquilla
1058 2858 1148 2904 mens
1170 2833 1271 2916 luerit,

419 2964 501 3062 quod
518 2965 617 3062 placet
630 2965 742 3062 judica.

468 3100 546 3180 Hoc,
567 3111 666 3195 pater,
686 3098 717 3168 in
732 3124 783 3168 me
802 3123 865 3168 non
884 3098 993 3182 fecisti,
1014 3097 1070 3167 scd
1088 3124 1183 3194 pravo
1200 3122 1276 3194 quo-

420 3227 549 3299 runilam
563 3257 638 3301 usus
651 3229 790 3313 consilio,
806 3254 937 3325 quorum
948 3228 1113 3300 adversum
1125 3254 1175 3299 me
1189 3228 1277 3298 stavit

420 3360 548 3446 invidia,
578 3362 705 3458 justitiae
731 3362 904 3460 prevalere
936 3362 1099 3459 nequivisti
1132 3387 1273 3432 censura.

421 3496 548 3566 Factum
563 3509 612 3566 est
629 3496 701 3566 milri
718 3496 838 3594 publico
852 3495 1074 3594 praejudicium,
1089 3521 1183 3592 quum
1198 3517 1278 3563 sern-

422 3655 479 3727 per
497 3655 547 3699 mc
568 3630 733 3701 obtulerim
747 3630 893 3726 judicium
914 3644 945 3701 et
963 3628 1109 3726 justitiam
1127 3628 1158 3698 in
1177 3625 1279 3698 omni-

423 3759 481 3858 bus
501 3757 682 3829 subiturum.
735 3757 901 3829 Interdicta
919 3771 967 3828 est
989 3756 1062 3828 mihi
1083 3756 1183 3827 omnis
1202 3782 1279 3826 con-

423 3889 526 3960 cordia
547 3904 578 3959 ct
601 3889 758 3960 catholicae
780 3890 918 3960 veritatis
937 3889 1089 3959 sententia
1109 3888 1277 3983 denegata3
