3050 5040
382 659 425 726 tt
599 681 736 726 rrrsrons
748 681 863 726 nsannu
879 681 1011 727 rosinae.

379 853 461 909 trum
481 841 694 935 recognoscite
713 853 902 922 amatorem,
921 854 953 909 et
971 839 1140 910 obliteratis
1158 863 1238 935 prm-

380 969 488 1050 teritis
513 996 602 1041 meus
623 970 810 1042 reviviscita.
833 983 864 1040 et
892 969 1100 1040 reformamini
1123 970 1239 1039 amicus

379 1101 430 1196 qui
455 1101 526 1172 olim
551 1103 581 1172 in
606 1128 677 1174 meo
703 1117 734 1173 et
761 1103 790 1172 in
815 1105 901 1199 cujus
925 1129 985 1198 ego
1008 1116 1090 1174 totus
1114 1103 1237 1199 requies

379 1231 488 1302 oebam
510 1246 647 1330 pectore.
700 1235 812 1305 Mittite
830 1234 903 1304 mihi
922 1234 1101 1332 losepbum
1120 1233 1237 1330 dequo

380 1365 559 1462 frequenter
575 1366 691 1436 lecistis
709 1366 940 1437 excusationem
960 1380 1088 1464 propter
1103 1365 1238 1436 dissolu-

380 1497 495 1568 tionem
525 1499 603 1569 libri.
665 1501 755 1570 Nunc
785 1513 889 1570 autem
915 1513 1056 1569 correcto
1085 1513 1117 1568 et
1146 1499 1238 1592 ligato

379 1629 468 1714 libre,
486 1631 567 1701 nulla
582 1631 670 1702 vobis
686 1631 868 1728 relinquitur
885 1630 1091 1702 excusationis
1109 1655 1238 1726 compo—

380 1760 459 1830 sitio.
503 1760 658 1857 Epistolas
670 1760 835 1854 Augustini
846 1773 878 1830 et
890 1759 1236 1857 EpistolasHieronimi‚

380 1892 430 1961 vel
450 1893 562 1963 alteras
580 1893 629 1963 vel
647 1906 807 1989 utrasque,
826 1892 1057 1963 accommodate
1077 1892 1161 1967 mihi:
1180 1890 1238 1964 hoc

380 2051 569 2123 magnopere
591 2040 624 2096 ut
642 2026 757 2096 sacratis
780 2026 924 2104 obsecro;
953 2025 1010 2096 sed
1033 2026 1062 2096 id
1084 2027 1235 2103 obnixius,

380 2171 413 2226 ut
425 2157 556 2228 alterum
566 2157 605 2229 de
619 2158 804 2228 lectionariis
820 2184 898 2255 quos
913 2159 1148 2229 novitervestra
1165 2159 1238 2228 dili-

381 2289 482 2383 gentia
500 2289 661 2373 ordinavit,
686 2289 926 2361 accommodetis
944 2289 1026 2360 mibi.

428 2421 479 2492 nd
496 2422 563 2494 baec
581 2422 731 2518 exigenda
749 2425 836 2493 mitto
849 2423 938 2494 vobis
955 2423 1141 2518 Gregorium
1159 2449 1238 2492 ves-

380 2569 473 2637 trum,
493 2555 631 2626 etlilium
650 2570 681 2626 et
699 2581 837 2639 servum,
857 2555 908 2653 qui
926 2569 958 2625 et
975 2555 1118 2652 quaedam
1135 2556 1165 2626 in
1182 2556 1238 2626 lit-

381 2687 456 2755 teris
474 2687 552 2758 meis
570 2689 659 2758 tacita
677 2687 821 2757 indicabit
839 2687 939 2768 vobis
961 2687 1083 2757 etmihi
1101 2701 1238 2757 vestram

380 2820 550 2916 reportabit
566 2820 814 2917 responsionem.

381 3003 583 3074 EPISTOLA
608 3006 662 3074 Xl.
686 3005 800 3075 —An
824 3007 973 3076 Hnnnicuu
999 3030 1103 3075 anons.
1126 3007 1240 3074 Dourno

430 3127 463 3170 nr
478 3105 553 3172 Rnor
566 3129 616 3173 suo
631 3105 760 3172 Hnnruco
777 3105 944 3172 Hnnannros
960 3129 1026 3172 suus
1042 3103 1240 3173 Nonwrcnnsis

431 3225 579 3270 sscsnnos.

429 3331 500 3426 Ago
511 3333 625 3427 gratias
641 3347 758 3403 vestrae
776 3332 1004 3416 munificentiae‚
1025 3333 1140 3430 optime
1157 3335 1236 3415 Rea,

382 3478 413 3531 et
437 3477 552 3534 vestrae
570 3465 676 3562 patriae
693 3478 790 3563 pater.
845 3466 933 3560 Ago,
953 3465 1093 3562 inquam,
1110 3464 1236 3560 gratias

383 3607 413 3663 et
435 3607 480 3664 tot
501 3595 626 3690 gratias,
647 3594 730 3691 qood
752 3619 832 3666 meae
853 3595 964 3665 animae
988 3593 1095 3690 gaudia
1117 3595 1241 3666 luerunt

382 3724 412 3794 in
429 3739 572 3822 suscepta
586 3727 795 3798 consolatione
813 3728 910 3798 vestri
924 3727 1070 3797 muneris.
1124 3726 1239 3822 Regale

382 3855 506 3952 quidem
527 3883 639 3927 munus
662 3871 740 3942 erat,
766 3872 798 3928 et
820 3858 893 3930 tanti
917 3857 1070 3952 largitoris
1098 3858 1235 3952 dignum,
