3050 5040
370 666 415 736 22
595 687 1006 734 rrrsroucurrrarrrosrrnn.

366 845 532 916 lectissime
567 846 680 930 trater,
714 845 935 943 compendiose
974 846 1158 944 perstrinxi,
1196 859 1230 914 ut

366 977 519 1074 intelligas
545 993 576 1050 et
602 978 853 1077 delinquentibus
878 978 1085 1058 exhibendam
1108 976 1232 1048 severi-

368 1110 439 1182 tatis
466 1109 671 1208 disciplinam,
707 1123 738 1180 et
768 1110 991 1207 poenitentibus
1025 1108 1230 1181 adhibendam

368 1242 588 1313 misericordie
602 1241 882 1312 mansuetudinem.

418 1377 540 1460 Quanto
558 1375 641 1445 enim
657 1376 769 1446 Paulus
779 1375 975 1474 incorreptos
991 1375 1146 1449 crudelius
1163 1399 1229 1444 sae—

370 1507 424 1585 vit,
442 1519 528 1576 tanto
538 1519 703 1605 correptus
719 1506 880 1578 ferventiis
899 1506 929 1576 in
943 1519 1059 1578 sanctae
1075 1505 1161 1576 lucro
1176 1529 1231 1574 re-

369 1638 490 1734 ligionis
506 1638 646 1736 profecit.
701 1638 791 1710 Unde
809 1639 900 1735 igitur
913 1639 1014 1710 omnis
1030 1639 1132 1709 bonus
1146 1651 1232 1708 tanto

370 1771 500 1842 alacrius
521 1771 667 1867 resurgit,
692 1787 808 1869 quanto
826 1797 861 1843 se
882 1799 898 1842 a
919 1771 1051 1842 veritate
1068 1769 1234 1841 effemina-

372 1903 431 1973 tius
441 1902 633 1973 exorbitasse
648 1903 854 1999 recognoscit.
909 1903 999 1974 Unde
1013 1915 1062 1972 est
1072 1900 1143 1971 illud
1160 1927 1166 1968 :
1182 1927 1234 1970 us-

372 2060 431 2132 que
450 2035 480 2104 in
494 2033 696 2132 Babyloniam
710 2035 926 2132 pertransibis,
940 2049 972 2106 et
985 2035 1025 2105 ibi
1036 2032 1228 2104 liberaberis.

372 2165 520 2248 llirareS,
550 2164 581 2234 in
610 2164 783 2234 Jerusalem
805 2163 922 2262 capitur
948 2164 1032 2236 etin
1056 2162 1232 2260 captivitate

371 2294 558 2394 Babylonica
571 2294 738 2365 liberatur!
792 2294 855 2365 Sed
870 2294 898 2365 id
913 2296 981 2392 ejus
999 2308 1059 2379 est,
1083 2293 1134 2390 qui
1154 2293 1233 2364 etin

370 2426 549 2499 confusione
574 2427 692 2525 peccati
713 2428 779 2498 veri
804 2427 861 2498 Dei
889 2427 1054 2498 immemor
1081 2452 1142 2498 non
1171 2440 1229 2496 est.

372 2560 411 2628 Et
429 2559 484 2629 alia
504 2585 595 2630 manu
614 2560 727 2657 scripta
745 2560 799 2632 tibi
818 2573 850 2631 et
868 2561 927 2632 tuis
945 2561 1143 2631 familiaribus
1161 2584 1234 2629 res-

370 2689 466 2787 cripta
483 2691 666 2788 perscriptis
686 2691 790 2786 exigo,
811 2691 937 2763 contuli.

507 2924 709 2995 EPISTOLA
732 2926 816 2994 Xlll
834 2969 881 2977 —
899 2925 947 2996 dn
966 2926 1098 2995 Ouonntt.

659 3041 828 3111 Hruunrurs
841 3041 945 3110 Ouum.

421 3223 1235 3308 Conllectere,dilectissimetili,tuaevisitationiscon-

374 3355 556 3426 solationem
568 3382 659 3453 quam
671 3354 745 3426 dum
757 3356 940 3438 scriberem,
953 3381 1015 3426 non
1026 3380 1123 3425 cornu
1136 3353 1192 3424 sed
1205 3354 1234 3424 in

373 3487 468 3558 corde
477 3487 628 3558 calamum
638 3486 887 3570 intinxi‚meiste
897 3487 1055 3557 instruens
1065 3485 1236 3557 visceribus

376 3615 1236 3715 queminvisceribusecclesiaenorwicensisincorporari

376 3750 570 3848 concupisco.
595 3752 678 3820 Tuae
702 3749 882 3820 rudimentis
902 3748 1017 3819 militiae
1034 3747 1236 3846 praeparanda

378 3881 709 3979 suntarma,quibuset
718 3879 985 3952 munitusincedas
995 3893 1025 3950 et
1036 3893 1158 3950 tuorum
1167 3879 1238 3949 lios-
