3050 5040
480 694 743 740 nrrsrunnunauurr
760 693 894 739 nosrnun.
1075 670 1114 739 at
1197 755 1199 758 .

260 852 372 948 quibus
394 850 505 921 sordes
522 850 672 920 mentium
689 851 867 925 abluuntur,
883 851 1121 933 conservabam;

260 983 303 1052 tui
324 981 450 1080 spiritus
467 980 702 1052 distributiones
721 981 1014 1064 subministrabam,
1039 995 1124 1052 tuum

261 1141 375 1212 eorpus
391 1128 423 1186 et
442 1114 624 1210 sanguinem
641 1113 854 1184 conficiebam.
909 1116 985 1185 Haeo
998 1113 1124 1212 quidem

262 1275 384 1344 magna,
395 1262 426 1318 et
437 1273 517 1318 meae
527 1247 712 1346 peccatoriae
724 1248 834 1319 animae
848 1249 974 1318 omnino
986 1248 1122 1343 indigna.

264 1381 309 1448 Tu
330 1393 391 1449 tuae
410 1378 551 1449 eoolesiae
571 1377 805 1449 fundamentum
827 1379 967 1476 posuisti,
990 1380 1126 1477 parietes

170 1534 173 1538 ·
264 1511 402 1595 erexisti,
417 1523 533 1582 tectum
547 1510 684 1607 desuper
699 1510 932 1608 compaginasti
951 1537 990 1582 ex
1007 1525 1038 1581 te
1055 1510 1128 1581 mihi

264 1644 366 1714 omnia
384 1645 475 1728 hona,
497 1669 536 1714 ex
553 1669 633 1714 meae
651 1643 869 1741 imprudentiae
891 1644 1018 1726 incuria,
1042 1669 1129 1742 prae—

265 1777 365 1846 sentia
379 1776 458 1846 mala
468 1775 541 1846 mihi
552 1774 684 1846 obhorta
702 1788 783 1846 sunt.
838 1778 967 1860 Verum,
982 1777 1045 1872 jam
1062 1802 1129 1847 cas·
1164 1769 1167 1776 ¹

265 1908 359 2003 tigata
379 1906 589 2004 digressione,
605 1908 705 1978 anima
722 1933 792 1980 mea
812 1907 851 1980 ud
872 1921 940 1980 tuas
955 1908 1129 2006 lachrymas

266 2049 447 2122 revertere,
468 2038 590 2135 tuisque
617 2039 806 2111 conciatibus
838 2039 1006 2110 delectare.
1059 2041 1131 2110 Ma-

267 2187 340 2244 neat
360 2174 391 2244 in
413 2188 444 2244 te
466 2173 555 2245 dolor
579 2199 674 2271 quem
695 2174 803 2270 infigat
826 2175 979 2256 Christus
1005 2189 1130 2244 manent

267 2307 434 2406 lachrymae
454 2334 532 2405 quas
555 2307 663 2403 irriget
687 2309 820 2405 Spiritus
843 2309 995 2390 Sanetus;
1015 2307 1132 2378 clamor

267 2439 370 2510 cordis
392 2439 505 2510 coelum
527 2451 682 2536 penetrat,
706 2453 738 2508 et
760 2437 883 2536 pietatis
904 2437 996 2508 lletus
1019 2436 1132 2507 divinae

267 2571 441 2642 elementiae
460 2584 567 2668 portas
585 2584 717 2641 reserat.
754 2569 854 2640 David
871 2583 902 2640 et
918 2571 1030 2639 Petrus
1048 2582 1133 2638 uter-

269 2729 329 2800 que
347 2714 572 2800 peccaverunt,
597 2715 728 2798 uterque
746 2700 959 2798 peonitentiam
981 2713 1129 2796 egerunt.

269 2847 402 2930 uterque
432 2833 600 2932 lachrymis
629 2845 790 2931 peecatum
821 2859 910 2904 suum
934 2832 1129 2904 deleverunt:

270 2968 353 3040 unde
381 2982 413 3038 et
435 2969 533 3040 David
552 2969 582 3038 in
603 2994 719 3064 regno,
740 2982 771 3040 et
793 2971 905 3038 Petrus
926 2969 957 3039 in
975 2969 1133 3066 apostolici

271 3115 397 3172 senatus
413 3086 554 3172 considet
572 3101 658 3172 solio.
711 3103 795 3172 Vere
813 3101 895 3172 mitis
906 3101 1067 3184 Dominus
1084 3102 1134 3198 qui

270 3237 391 3307 dixerat
414 3249 485 3306 ante
504 3236 701 3332 negationem
723 3236 966 3334 :quodcumque
989 3234 1134 3330 ligaveris

271 3393 366 3465 super
394 3379 528 3451 terram,
554 3365 614 3436 erit
637 3366 764 3461 ligatum
785 3379 817 3436 et
844 3365 874 3436 in
896 3365 998 3448 omlis,
1034 3364 1135 3434 eidem

270 3498 382 3595 adjecit
412 3511 483 3596 post
517 3497 714 3592 negationem
746 3525 751 3565 :
785 3499 894 3580 Patre,
932 3521 1025 3593 pasce
1059 3522 1135 3566 oves

270 3657 369 3714 meas3
391 3643 424 3701 ut
442 3629 626 3701 ostenderet
643 3632 770 3700 Petrum
787 3655 849 3699 non
866 3628 1040 3727 perdidisse
1060 3655 1135 3723 gra-

270 3762 345 3832 tiam
366 3763 407 3833 ob
426 3761 547 3832 timoris
568 3761 777 3858 negationem,
800 3787 892 3858 quam
911 3773 982 3830 ante
1003 3778 1150 3857 prome—⁰

270 3907 376 3963 ruerat
393 3894 434 3964 ob
452 3893 657 3964 consessionis
676 3891 855 3962 veritatem:
906 3892 982 3960 Haeo
999 3890 1064 3974 ribi,
1086 3889 1136 3959 di-
