3050 5040
470 707 733 754 nnsruinnnuean
748 708 881 754 cosmon.
1066 682 1111 752 te

245 865 418 961 proximam
435 879 568 938 mortem
585 880 763 964 prospecto.
819 869 877 937 Hlo
893 865 993 948 dolor,
1006 865 1057 936 hle
1071 864 1114 936 la-

248 1009 370 1081 menta,
396 997 445 1069 bie
466 997 604 1069 omnium
626 997 731 1068 ultima
755 997 908 1069 malorum
931 995 1115 1068 execrabilis

249 1128 436 1226 desperatio.
490 1131 559 1200 Heu
588 1127 680 1198 mihil
713 1155 731 1198 a
756 1127 869 1224 quibus
893 1127 1021 1200 evulsus
1046 1153 1115 1198 sum

250 1260 415 1343 littoribus
445 1276 477 1332 et
503 1261 534 1332 in
559 1287 629 1359 quae
652 1260 834 1358 perditionis
858 1259 1016 1355 naufragia
1047 1283 1116 1328 mea

252 1391 412 1464 infelicitas
428 1393 525 1464 illata!
541 1393 716 1464 Iuventutis
732 1406 764 1462 et
778 1391 948 1462 senectutis
961 1415 1041 1462 meae
1053 1403 1117 1460 stu-

254 1523 338 1595 dium
368 1539 551 1598 evacuatum
579 1538 637 1595 est.
692 1525 777 1609 Quas
808 1523 936 1620 vigiliis,
959 1522 1117 1618 algoribus

252 1667 488 1752 caumatumque
519 1654 727 1753 squalloribus
759 1654 948 1750 collegeram
977 1651 1114 1724 divitias

251 1811 314 1856 uno
344 1785 502 1881 naufragio
532 1784 631 1856 amisi.
690 1787 801 1856 Fracta
834 1784 923 1856 navis
950 1797 1058 1854 vestes
1086 1795 1118 1854 et

254 1917 435 2012 margaritas
452 1915 653 2016 omniumque
675 1942 782 1988 rerum
799 1917 947 1989 nobilium
969 1916 1117 1988 comertia

256 2047 410 2146 perdidit:
426 2048 521 2120 habet
537 2075 623 2121 mare
643 2048 763 2120 divitias
782 2074 859 2146 quas
872 2046 995 2144 collegi,
1014 2047 1119 2145 possi-

256 2180 311 2251 det
327 2179 425 2252 hostis
436 2182 589 2254 barbarus
601 2193 799 2280 sumptuosas
812 2179 939 2252 exuvias
952 2205 1028 2278 quas
1040 2205 1119 2251 con-

257 2313 349 2384 texui.
409 2314 436 2383 0
466 2313 539 2384 vitae
569 2311 715 2384 humanae
745 2311 901 2382 infelicem
929 2316 1065 2383 sortem!
1091 2312 1119 2380 O

258 2471 363 2516 rerum
384 2445 558 2526 mortalium
574 2444 812 2516 abominandam
833 2443 1116 2515 commutationem!

260 2577 428 2672 Fulgebam
442 2576 619 2675 opulentus,
636 2591 669 2648 et
684 2577 861 2649 deliciarum
873 2575 1010 2646 omnium
1024 2599 1120 2646 eruc-

260 2709 382 2778 tuabam
410 2707 646 2791 abundantiam3
671 2733 745 2780 ecoe
773 2707 841 2779 vilis
868 2706 1036 2801 naufragus
1062 2731 1120 2776 se-

260 2839 332 2924 deo,
351 2853 383 2910 ct
395 2840 463 2936 alga
479 2842 719 2938 peregrinarum
736 2865 901 2912 arenarum
917 2840 1046 2936 ejectus,
1061 2840 1121 2910 mei

262 2972 377 3044 servitii
391 2972 508 3068 gladios
521 2974 727 3047 barbarorum
738 2971 921 3071 impendere
934 2971 1037 3042 video.
1082 2972 1122 3042 Et

262 3131 383 3191 revera,
410 3121 524 3205 quanto
542 3107 760 3179 excellentiora
779 3120 811 3177 et
835 3105 971 3178 dulciora
990 3104 1120 3203 perdidi,

262 3250 347 3310 tanto
375 3239 508 3336 graviori
540 3253 572 3310 ct
598 3238 718 3313 tetriori
747 3237 895 3310 conficior
919 3237 1017 3321 luctu3
1050 3236 1123 3308 mihi

262 3370 328 3442 dies
347 3372 513 3444 tenebrosa
537 3371 730 3444 convertitur
750 3371 937 3454 maculem,
961 3381 992 3440 et
1011 3395 1073 3440 nox
1093 3369 1132 3440 in.

264 3505 380 3576 somnis
396 3506 588 3578 convertitur
602 3505 632 3576 in
651 3505 815 3600 lugubrem
831 3503 924 3574 diem.

311 3638 450 3710 Concidit
468 3621 542 3736 spes
561 3637 737 3709 revisendae
751 3635 872 3734 patriae,
890 3647 922 3706 et
941 3633 1040 3704 alieno
1061 3657 1124 3703 ex-

264 3769 381 3865 positus
397 3772 475 3854 solo,
496 3771 574 3843 mori
596 3770 717 3854 vivere,
733 3766 939 3840 viverc‘mori
952 3778 1120 3838 commuto.

231 3920 235 3928 '
264 3905 485 4001 Conceperam,
505 3929 701 4003 pepereram,
717 3903 835 3975 dulcius
848 3899 997 3972 maternis
1013 3899 1125 3970 uberi-
