3012 5040
478 729 760 776 rrrsrotnnmannri
775 731 907 776 cosmon.
1081 709 1125 776 65

264 885 431 955 cessarios
485 889 528 957 lta
552 903 583 958 et
611 903 642 960 tu
671 889 784 987 praesul
808 888 937 974 Christi,
967 889 1040 960 etsi
1065 916 1126 960 non

265 1032 412 1114 respectu
430 1019 663 1099 misericordiae,
687 1035 814 1119 propter
830 1021 1058 1120 improbitatem
1078 1033 1127 1092 ta-

265 1175 340 1220 men
359 1150 448 1247 hujus
465 1153 654 1250 presbyteri,
670 1180 764 1249 surge
787 1167 818 1224 et
836 1154 933 1225 redde
952 1156 979 1225 ei
998 1153 1126 1250 gratiam

265 1296 362 1366 tuam,
388 1296 457 1355 tuos
481 1285 761 1356 liberansanimos
785 1287 824 1358 de
851 1270 1007 1358 tormento
1033 1300 1126 1358 tantae

265 1415 468 1512 loquacitatis.

265 1651 468 1722 EPISTOLA
486 1653 673 1722 xxxl1.-
685 1653 732 1723 An
746 1655 867 1724 Oronru
879 1679 913 1724 nr
929 1657 1122 1726 Wutmuuu.

436 1872 602 1942 Hananmus
620 1873 710 1942 Orour
728 1898 762 1942 nr
778 1874 951 1942 Wnnmnn.

315 2070 485 2152 laboratis,
505 2069 693 2141 dilectissimi
716 2069 777 2154 filii,
789 2096 963 2168 meumque
981 2074 1127 2170 proposi-

265 2216 331 2272 tum
345 2203 463 2274 crebris
482 2203 614 2298 fatigatis
631 2202 826 2274 suasionibus
840 2217 873 2274 ut
888 2204 978 2275 vobis
996 2205 1124 2276 metrice

265 2335 409 2420 scribam3
430 2336 486 2408 sed
499 2336 611 2407 divinis
629 2337 760 2407 oraculis
773 2336 899 2434 impium
916 2351 947 2408 et
965 2338 1062 2410 sacris
1076 2364 1126 2410 re-

264 2469 370 2540 luctari
402 2469 643 2540 revelationibus
675 2469 860 2565 sacrilegum
885 2483 943 2540 est.
1003 2470 1124 2540 Vellem

264 2602 388 2700 quidem
409 2617 524 2675 vestrae
545 2603 800 2675 condescendere
817 2604 977 2686 voluntati,
996 2616 1027 2674 et
1046 2629 1124 2674 con-

266 2733 355 2804 simili
370 2735 440 2806 stilo
456 2735 572 2806 vestris
589 2734 782 2833 respondere
794 2734 927 2834 scriptia,
942 2734 998 2805 sed
1012 2736 1124 2806 arrecti

265 2868 413 2965 propositi
437 2868 590 2938 severitas
614 2867 812 2952 contradicit,
834 2875 1000 2965 meumque
1018 2867 1124 2967 'timo-

265 3025 333 3070 rem
349 3014 474 3072 vestros
493 3000 625 3070 transire
645 3000 676 3070 in
692 2999 793 3085 ludos,
811 2999 924 3071 nullius
936 2998 1124 3070 auctoritatis

266 3131 434 3216 sententia,
450 3131 609 3229 permittit.
663 3133 788 3201 Vestrae
805 3129 1023 3201 adolescentiae
1040 3155 1122 3200 con—

264 3264 383 3336 ceditur
399 3263 519 3348 ludere,
532 3277 564 3334 et
580 3262 659 3332 meis
677 3261 854 3359 praecipitur
874 3261 959 3331 canis
977 3259 1122 3358 Scriptu—

264 3424 366 3470 ramm
385 3397 517 3468 archana
534 3409 566 3466 et
582 3394 700 3466 mistica
718 3407 911 3465 sacramenta
933 3393 1073 3464 meditari
1091 3407 1123 3464 et

263 3542 439 3628 penetrare.
454 3617 457 3624 ,
492 3527 722 3600 Abrenunciavi
736 3526 836 3625 poetis
851 3539 883 3596 et
900 3539 1062 3624 poetarum
1080 3526 1095 3595 l
1109 3569 1123 3580 -

263 3661 357 3746 bulis,
386 3662 538 3759 nullisque
571 3687 680 3732 eorum
708 3659 848 3731 delector
876 3657 1120 3729 scurrilitatibus.

262 3797 333 3866 Non
348 3809 397 3866 est
416 3794 552 3893 episcopi
574 3793 686 3864 sedere
704 3792 735 3862 in
753 3816 858 3872 scena,
877 3787 934 3860 sed
953 3787 1122 3886 praedicare

263 3927 292 3996 in
315 3926 462 4002 ecclesia:
487 3953 548 3997 non
576 3925 606 3995 in
632 3922 798 3995 theatricas
822 3919 1044 4018 turpitudines,
1071 3918 1121 3990 vel

975 4053 991 4100 a
