<?xml version="1.0" encoding="UTF-8"?>
<!DOCTYPE html PUBLIC "-//W3C//DTD XHTML 1.0 Transitional//EN"
    "http://www.w3.org/TR/xhtml1/DTD/xhtml1-transitional.dtd">
<html xmlns="http://www.w3.org/1999/xhtml" xml:lang="en" lang="en">
 <head>
  <title>
</title>
<meta http-equiv="Content-Type" content="text/html;charset=utf-8" />
  <meta name='ocr-system' content='tesseract 3.04.00' />
  <meta name='ocr-capabilities' content='ocr_page ocr_carea ocr_par ocr_line ocrx_word'/>
</head>
<body>
  <div class='ocr_page' id='page_1' title='image "./epistolaeherber00ethegoog_0118.png"; bbox 0 0 3012 5040; ppageno 0'>
   <div class='ocr_carea' id='block_1_1' title="bbox 404 736 1049 802">
    <p class='ocr_par' dir='ltr' id='par_1_1' title="bbox 404 736 1049 802">
     <span class='ocr_line' id='line_1_1' title="bbox 404 736 1049 802; baseline 0.008 -5"><span class='ocrx_word' id='word_1_1' title='bbox 404 754 539 798; x_wconf 83' lang='lat' dir='ltr'>nrrsronn</span> <span class='ocrx_word' id='word_1_2' title='bbox 555 753 687 800; x_wconf 86' lang='lat' dir='ltr'>nnnrnnrr</span> <span class='ocrx_word' id='word_1_3' title='bbox 706 757 837 802; x_wconf 76' lang='lat' dir='ltr'>cosman.</span> <span class='ocrx_word' id='word_1_4' title='bbox 1004 736 1049 802; x_wconf 81' lang='lat'>95</span> 
     </span>
    </p>
   </div>
   <div class='ocr_carea' id='block_1_2' title="bbox 218 995 1023 1069">
    <p class='ocr_par' dir='ltr' id='par_1_2' title="bbox 218 995 1023 1069">
     <span class='ocr_line' id='line_1_2' title="bbox 218 995 1023 1069; baseline 0.005 -6"><span class='ocrx_word' id='word_1_5' title='bbox 218 995 418 1066; x_wconf 83' lang='lat' dir='ltr'>EPISTOLA</span> <span class='ocrx_word' id='word_1_6' title='bbox 437 997 628 1069; x_wconf 72' lang='lat' dir='ltr'>tvl-An</span> <span class='ocrx_word' id='word_1_7' title='bbox 641 1000 788 1068; x_wconf 85' lang='lat' dir='ltr'>Wruonnn</span> <span class='ocrx_word' id='word_1_8' title='bbox 808 1024 1023 1069; x_wconf 74' lang='lat' dir='ltr'>nnacnonrmn.</span> 
     </span>
    </p>
   </div>
   <div class='ocr_carea' id='block_1_3' title="bbox 196 1193 1047 1276">
    <p class='ocr_par' dir='ltr' id='par_1_3' title="bbox 196 1193 1047 1276">
     <span class='ocr_line' id='line_1_3' title="bbox 196 1193 1047 1276; baseline 0.005 -14"><span class='ocrx_word' id='word_1_9' title='bbox 196 1193 362 1264; x_wconf 79' lang='lat' dir='ltr'>HERBERTUS</span> <span class='ocrx_word' id='word_1_10' title='bbox 383 1219 527 1265; x_wconf 77' lang='lat' dir='ltr'>EPlSGOl’US</span> <span class='ocrx_word' id='word_1_11' title='bbox 548 1197 666 1266; x_wconf 82' lang='lat' dir='ltr'>Wrnont</span> <span class='ocrx_word' id='word_1_12' title='bbox 690 1219 891 1276; x_wconf 68' lang='lat' dir='ltr'>antenorem,</span> <span class='ocrx_word' id='word_1_13' title='bbox 912 1221 1047 1268; x_wconf 76' lang='lat' dir='ltr'>SALUTEM.</span> 
     </span>
    </p>
   </div>
   <div class='ocr_carea' id='block_1_4' title="bbox 196 1441 1054 1937">
    <p class='ocr_par' dir='ltr' id='par_1_4' title="bbox 196 1441 1054 1937">
     <span class='ocr_line' id='line_1_4' title="bbox 244 1441 1053 1541; baseline 0.004 -30"><span class='ocrx_word' id='word_1_14' title='bbox 244 1443 290 1511; x_wconf 86' lang='lat' dir='ltr'>Ex</span> <span class='ocrx_word' id='word_1_15' title='bbox 309 1441 474 1513; x_wconf 78' lang='lat' dir='ltr'>abundanti</span> <span class='ocrx_word' id='word_1_16' title='bbox 492 1443 606 1540; x_wconf 85' lang='lat' dir='ltr'>quaeris</span> <span class='ocrx_word' id='word_1_17' title='bbox 628 1454 803 1513; x_wconf 89' lang='lat' dir='ltr'>nostrarum</span> <span class='ocrx_word' id='word_1_18' title='bbox 828 1442 977 1541; x_wconf 87' lang='lat' dir='ltr'>colloquia</span> <span class='ocrx_word' id='word_1_19' title='bbox 1001 1444 1053 1514; x_wconf 93' lang='lat' dir='ltr'>lit-</span> 
     </span>
     <span class='ocr_line' id='line_1_5' title="bbox 196 1567 1053 1658; baseline 0.001 -14"><span class='ocrx_word' id='word_1_20' title='bbox 196 1589 343 1658; x_wconf 89' lang='lat' dir='ltr'>terarum,</span> <span class='ocrx_word' id='word_1_21' title='bbox 363 1573 561 1646; x_wconf 71' lang='lat' dir='ltr'>dilectissime</span> <span class='ocrx_word' id='word_1_22' title='bbox 580 1575 633 1657; x_wconf 82' lang='lat' dir='ltr'>fili,</span> <span class='ocrx_word' id='word_1_23' title='bbox 653 1600 724 1644; x_wconf 94' lang='lat' dir='ltr'>cum</span> <span class='ocrx_word' id='word_1_24' title='bbox 741 1587 791 1646; x_wconf 91' lang='lat' dir='ltr'>tna</span> <span class='ocrx_word' id='word_1_25' title='bbox 813 1567 1008 1646; x_wconf 83' lang='lat' dir='ltr'>conversatio</span> <span class='ocrx_word' id='word_1_26' title='bbox 1022 1576 1053 1645; x_wconf 92' lang='lat' dir='ltr'>in</span> 
     </span>
     <span class='ocr_line' id='line_1_6' title="bbox 196 1706 1054 1806; baseline 0 -29"><span class='ocrx_word' id='word_1_27' title='bbox 196 1706 282 1777; x_wconf 86' lang='lat' dir='ltr'>coelis</span> <span class='ocrx_word' id='word_1_28' title='bbox 302 1707 356 1791; x_wconf 80' lang='lat' dir='ltr'>sit,</span> <span class='ocrx_word' id='word_1_29' title='bbox 377 1721 409 1778; x_wconf 93' lang='lat' dir='ltr'>et</span> <span class='ocrx_word' id='word_1_30' title='bbox 425 1707 536 1804; x_wconf 81' lang='lat' dir='ltr'>linguis</span> <span class='ocrx_word' id='word_1_31' title='bbox 548 1707 731 1804; x_wconf 77' lang='lat' dir='ltr'>angelorum</span> <span class='ocrx_word' id='word_1_32' title='bbox 748 1707 891 1806; x_wconf 87' lang='lat' dir='ltr'>loquens,</span> <span class='ocrx_word' id='word_1_33' title='bbox 912 1707 1054 1780; x_wconf 87' lang='lat' dir='ltr'>humanis</span> 
     </span>
     <span class='ocr_line' id='line_1_7' title="bbox 196 1839 1054 1937; baseline 0 -27"><span class='ocrx_word' id='word_1_34' title='bbox 196 1840 320 1910; x_wconf 92' lang='lat' dir='ltr'>minime</span> <span class='ocrx_word' id='word_1_35' title='bbox 354 1840 614 1912; x_wconf 75' lang='lat' dir='ltr'>consolationibus</span> <span class='ocrx_word' id='word_1_36' title='bbox 639 1839 789 1937; x_wconf 82' lang='lat' dir='ltr'>indigeas.</span> <span class='ocrx_word' id='word_1_37' title='bbox 846 1841 913 1913; x_wconf 88' lang='lat' dir='ltr'>Tibi</span> <span class='ocrx_word' id='word_1_38' title='bbox 940 1841 991 1911; x_wconf 88' lang='lat' dir='ltr'>lex</span> <span class='ocrx_word' id='word_1_39' title='bbox 1022 1855 1054 1911; x_wconf 90' lang='lat' dir='ltr'>et</span> 
     </span>
    </p>
   </div>
   <div class='ocr_carea' id='block_1_5' title="bbox 197 1959 1049 2073">
    <p class='ocr_par' dir='ltr' id='par_1_5' title="bbox 197 1959 1049 2073">
     <span class='ocr_line' id='line_1_8' title="bbox 197 1959 1049 2073; baseline -0.001 -30"><span class='ocrx_word' id='word_1_40' title='bbox 197 1973 293 2068; x_wconf 78' lang='lat' dir='ltr'>gratia</span> <span class='ocrx_word' id='word_1_41' title='bbox 303 1973 444 2044; x_wconf 75' lang='lat' dir='ltr'>florentis</span> <span class='ocrx_word' id='word_1_42' title='bbox 455 1973 639 2071; x_wconf 77' lang='lat' dir='ltr'>eloquentiae</span> <span class='ocrx_word' id='word_1_43' title='bbox 648 1959 874 2073; x_wconf 81' lang='lat' dir='ltr'>componuntur</span> <span class='ocrx_word' id='word_1_44' title='bbox 883 1975 1049 2046; x_wconf 90' lang='lat' dir='ltr'>orationes.</span> 
     </span>
    </p>
   </div>
   <div class='ocr_carea' id='block_1_6' title="bbox 151 2105 1057 3918">
    <p class='ocr_par' dir='ltr' id='par_1_6' title="bbox 151 2105 1057 3918">
     <span class='ocr_line' id='line_1_9' title="bbox 196 2105 1054 2205; baseline 0 -29"><span class='ocrx_word' id='word_1_45' title='bbox 196 2107 282 2176; x_wconf 89' lang='lat' dir='ltr'>lntcr</span> <span class='ocrx_word' id='word_1_46' title='bbox 294 2105 462 2205; x_wconf 88' lang='lat' dir='ltr'>prophetas</span> <span class='ocrx_word' id='word_1_47' title='bbox 475 2118 508 2176; x_wconf 91' lang='lat' dir='ltr'>et</span> <span class='ocrx_word' id='word_1_48' title='bbox 524 2105 681 2204; x_wconf 86' lang='lat' dir='ltr'>apostolos</span> <span class='ocrx_word' id='word_1_49' title='bbox 695 2107 896 2190; x_wconf 67' lang='lat' dir='ltr'>recumbens</span> <span class='ocrx_word' id='word_1_50' title='bbox 914 2106 1054 2177; x_wconf 89' lang='lat' dir='ltr'>coelesti-</span> 
     </span>
     <span class='ocr_line' id='line_1_10' title="bbox 197 2236 1055 2335; baseline -0.003 -26"><span class='ocrx_word' id='word_1_51' title='bbox 197 2239 255 2310; x_wconf 91' lang='lat' dir='ltr'>bus</span> <span class='ocrx_word' id='word_1_52' title='bbox 279 2237 391 2335; x_wconf 89' lang='lat' dir='ltr'>pabulo</span> <span class='ocrx_word' id='word_1_53' title='bbox 412 2251 444 2307; x_wconf 92' lang='lat' dir='ltr'>et</span> <span class='ocrx_word' id='word_1_54' title='bbox 463 2249 536 2335; x_wconf 88' lang='lat' dir='ltr'>potu</span> <span class='ocrx_word' id='word_1_55' title='bbox 554 2236 694 2308; x_wconf 86' lang='lat' dir='ltr'>reliceris</span> <span class='ocrx_word' id='word_1_56' title='bbox 718 2250 750 2308; x_wconf 92' lang='lat' dir='ltr'>et</span> <span class='ocrx_word' id='word_1_57' title='bbox 767 2237 938 2309; x_wconf 87' lang='lat' dir='ltr'>inebriaris.</span> <span class='ocrx_word' id='word_1_58' title='bbox 983 2239 1055 2307; x_wconf 90' lang='lat' dir='ltr'>Non</span> 
     </span>
     <span class='ocr_line' id='line_1_11' title="bbox 196 2367 1056 2442; baseline -0.007 0"><span class='ocrx_word' id='word_1_59' title='bbox 196 2371 310 2442; x_wconf 90' lang='lat' dir='ltr'>desunt</span> <span class='ocrx_word' id='word_1_60' title='bbox 322 2369 376 2440; x_wconf 92' lang='lat' dir='ltr'>tibi</span> <span class='ocrx_word' id='word_1_61' title='bbox 393 2369 566 2442; x_wconf 70' lang='lat' dir='ltr'>coelestium</span> <span class='ocrx_word' id='word_1_62' title='bbox 579 2369 791 2441; x_wconf 93' lang='lat' dir='ltr'>conviviorum</span> <span class='ocrx_word' id='word_1_63' title='bbox 808 2367 949 2440; x_wconf 91' lang='lat' dir='ltr'>moderni</span> <span class='ocrx_word' id='word_1_64' title='bbox 960 2367 1056 2438; x_wconf 90' lang='lat' dir='ltr'>admi-</span> 
     </span>
     <span class='ocr_line' id='line_1_12' title="bbox 196 2498 1055 2600; baseline -0.006 -26"><span class='ocrx_word' id='word_1_65' title='bbox 196 2504 390 2586; x_wconf 81' lang='lat' dir='ltr'>nistratores,</span> <span class='ocrx_word' id='word_1_66' title='bbox 410 2527 542 2600; x_wconf 88' lang='lat' dir='ltr'>quorum</span> <span class='ocrx_word' id='word_1_67' title='bbox 558 2515 641 2572; x_wconf 86' lang='lat' dir='ltr'>tanta</span> <span class='ocrx_word' id='word_1_68' title='bbox 658 2501 756 2599; x_wconf 84' lang='lat' dir='ltr'>copia,</span> <span class='ocrx_word' id='word_1_69' title='bbox 776 2514 889 2599; x_wconf 86' lang='lat' dir='ltr'>quanta</span> <span class='ocrx_word' id='word_1_70' title='bbox 902 2513 963 2570; x_wconf 86' lang='lat' dir='ltr'>tuae</span> <span class='ocrx_word' id='word_1_71' title='bbox 981 2498 1055 2570; x_wconf 92' lang='lat' dir='ltr'>dili-</span> 
     </span>
     <span class='ocr_line' id='line_1_13' title="bbox 197 2633 1056 2731; baseline -0.006 -24"><span class='ocrx_word' id='word_1_72' title='bbox 197 2636 311 2731; x_wconf 82' lang='lat' dir='ltr'>gentiae</span> <span class='ocrx_word' id='word_1_73' title='bbox 322 2634 446 2731; x_wconf 79' lang='lat' dir='ltr'>legendi</span> <span class='ocrx_word' id='word_1_74' title='bbox 459 2634 603 2706; x_wconf 85' lang='lat' dir='ltr'>voluntas</span> <span class='ocrx_word' id='word_1_75' title='bbox 619 2634 780 2706; x_wconf 80' lang='lat' dir='ltr'>exarserit.</span> <span class='ocrx_word' id='word_1_76' title='bbox 815 2636 951 2704; x_wconf 86' lang='lat' dir='ltr'>Nostros</span> <span class='ocrx_word' id='word_1_77' title='bbox 963 2633 1056 2728; x_wconf 76' lang='lat' dir='ltr'>igitur</span> 
     </span>
     <span class='ocr_line' id='line_1_14' title="bbox 198 2765 1054 2866; baseline -0.008 -26"><span class='ocrx_word' id='word_1_78' title='bbox 198 2767 332 2840; x_wconf 85' lang='lat' dir='ltr'>furfures</span> <span class='ocrx_word' id='word_1_79' title='bbox 343 2792 438 2865; x_wconf 90' lang='lat' dir='ltr'>quare</span> <span class='ocrx_word' id='word_1_80' title='bbox 449 2767 577 2866; x_wconf 73' lang='lat' dir='ltr'>repetis</span> <span class='ocrx_word' id='word_1_81' title='bbox 592 2767 642 2865; x_wconf 88' lang='lat' dir='ltr'>qui</span> <span class='ocrx_word' id='word_1_82' title='bbox 653 2767 756 2838; x_wconf 90' lang='lat' dir='ltr'>talium</span> <span class='ocrx_word' id='word_1_83' title='bbox 765 2765 959 2837; x_wconf 89' lang='lat' dir='ltr'>abundantiis</span> <span class='ocrx_word' id='word_1_84' title='bbox 973 2765 1054 2835; x_wconf 89' lang='lat' dir='ltr'>simi-</span> 
     </span>
     <span class='ocr_line' id='line_1_15' title="bbox 197 2898 1054 2997; baseline -0.005 -26"><span class='ocrx_word' id='word_1_85' title='bbox 197 2900 331 2997; x_wconf 84' lang='lat' dir='ltr'>laginum</span> <span class='ocrx_word' id='word_1_86' title='bbox 348 2898 534 2970; x_wconf 80' lang='lat' dir='ltr'>delectaris?</span> <span class='ocrx_word' id='word_1_87' title='bbox 583 2899 654 2968; x_wconf 91' lang='lat' dir='ltr'>Non</span> <span class='ocrx_word' id='word_1_88' title='bbox 670 2911 718 2969; x_wconf 91' lang='lat' dir='ltr'>est</span> <span class='ocrx_word' id='word_1_89' title='bbox 737 2925 833 2996; x_wconf 89' lang='lat' dir='ltr'>purus</span> <span class='ocrx_word' id='word_1_90' title='bbox 851 2923 956 2968; x_wconf 91' lang='lat' dir='ltr'>sermo</span> <span class='ocrx_word' id='word_1_91' title='bbox 974 2923 1054 2968; x_wconf 91' lang='lat' dir='ltr'>con-</span> 
     </span>
     <span class='ocr_line' id='line_1_16' title="bbox 198 3030 1053 3130; baseline -0.002 -26"><span class='ocrx_word' id='word_1_92' title='bbox 198 3032 362 3104; x_wconf 90' lang='lat' dir='ltr'>cionatoris</span> <span class='ocrx_word' id='word_1_93' title='bbox 387 3057 481 3130; x_wconf 90' lang='lat' dir='ltr'>quem</span> <span class='ocrx_word' id='word_1_94' title='bbox 501 3031 659 3103; x_wconf 90' lang='lat' dir='ltr'>libidinum</span> <span class='ocrx_word' id='word_1_95' title='bbox 686 3030 797 3102; x_wconf 92' lang='lat' dir='ltr'>sordes</span> <span class='ocrx_word' id='word_1_96' title='bbox 820 3030 1053 3113; x_wconf 84' lang='lat' dir='ltr'>commaculant,</span> 
     </span>
     <span class='ocr_line' id='line_1_17' title="bbox 200 3161 1057 3263; baseline -0.007 -27"><span class='ocrx_word' id='word_1_97' title='bbox 200 3178 231 3236; x_wconf 91' lang='lat' dir='ltr'>et</span> <span class='ocrx_word' id='word_1_98' title='bbox 252 3189 345 3263; x_wconf 91' lang='lat' dir='ltr'>quem</span> <span class='ocrx_word' id='word_1_99' title='bbox 368 3162 592 3234; x_wconf 90' lang='lat' dir='ltr'>mundanorum</span> <span class='ocrx_word' id='word_1_100' title='bbox 615 3161 810 3256; x_wconf 79' lang='lat' dir='ltr'>negotiomm</span> <span class='ocrx_word' id='word_1_101' title='bbox 830 3161 925 3232; x_wconf 88' lang='lat' dir='ltr'>aculei</span> <span class='ocrx_word' id='word_1_102' title='bbox 955 3161 1057 3232; x_wconf 88' lang='lat' dir='ltr'>conti—</span> 
     </span>
     <span class='ocr_line' id='line_1_18' title="bbox 200 3291 1055 3393; baseline -0.006 -27"><span class='ocrx_word' id='word_1_103' title='bbox 200 3295 267 3366; x_wconf 89' lang='lat' dir='ltr'>nuis</span> <span class='ocrx_word' id='word_1_104' title='bbox 285 3293 502 3393; x_wconf 86' lang='lat' dir='ltr'>punctionibus</span> <span class='ocrx_word' id='word_1_105' title='bbox 524 3293 669 3363; x_wconf 86' lang='lat' dir='ltr'>lacerant.</span> <span class='ocrx_word' id='word_1_106' title='bbox 728 3291 831 3377; x_wconf 78' lang='lat' dir='ltr'>Unde,</span> <span class='ocrx_word' id='word_1_107' title='bbox 857 3291 1055 3364; x_wconf 89' lang='lat' dir='ltr'>dilectissime</span> 
     </span>
     <span class='ocr_line' id='line_1_19' title="bbox 200 3423 1056 3524; baseline -0.006 -26"><span class='ocrx_word' id='word_1_108' title='bbox 200 3427 251 3512; x_wconf 87' lang='lat' dir='ltr'>fili,</span> <span class='ocrx_word' id='word_1_109' title='bbox 279 3427 340 3498; x_wconf 92' lang='lat' dir='ltr'>noli</span> <span class='ocrx_word' id='word_1_110' title='bbox 364 3451 415 3496; x_wconf 92' lang='lat' dir='ltr'>me</span> <span class='ocrx_word' id='word_1_111' title='bbox 439 3425 594 3524; x_wconf 85' lang='lat' dir='ltr'>appellare</span> <span class='ocrx_word' id='word_1_112' title='bbox 619 3425 749 3507; x_wconf 84' lang='lat' dir='ltr'>Noemi‚</span> <span class='ocrx_word' id='word_1_113' title='bbox 778 3423 834 3494; x_wconf 90' lang='lat' dir='ltr'>sed</span> <span class='ocrx_word' id='word_1_114' title='bbox 859 3423 978 3521; x_wconf 87' lang='lat' dir='ltr'>appella</span> <span class='ocrx_word' id='word_1_115' title='bbox 1005 3449 1056 3493; x_wconf 91' lang='lat' dir='ltr'>me</span> 
     </span>
     <span class='ocr_line' id='line_1_20' title="bbox 199 3556 1057 3658; baseline -0.008 -26"><span class='ocrx_word' id='word_1_116' title='bbox 199 3562 296 3645; x_wconf 87' lang='lat' dir='ltr'>Mara,</span> <span class='ocrx_word' id='word_1_117' title='bbox 317 3559 462 3658; x_wconf 86' lang='lat' dir='ltr'>quoniam</span> <span class='ocrx_word' id='word_1_118' title='bbox 482 3557 585 3629; x_wconf 92' lang='lat' dir='ltr'>multis</span> <span class='ocrx_word' id='word_1_119' title='bbox 601 3557 735 3656; x_wconf 88' lang='lat' dir='ltr'>peccatis</span> <span class='ocrx_word' id='word_1_120' title='bbox 751 3569 783 3627; x_wconf 91' lang='lat' dir='ltr'>et</span> <span class='ocrx_word' id='word_1_121' title='bbox 802 3556 968 3626; x_wconf 91' lang='lat' dir='ltr'>multorum</span> <span class='ocrx_word' id='word_1_122' title='bbox 985 3581 1057 3654; x_wconf 84' lang='lat' dir='ltr'>pec-</span> 
     </span>
     <span class='ocr_line' id='line_1_21' title="bbox 199 3685 1057 3788; baseline -0.005 -26"><span class='ocrx_word' id='word_1_123' title='bbox 199 3703 336 3762; x_wconf 87' lang='lat' dir='ltr'>catorum</span> <span class='ocrx_word' id='word_1_124' title='bbox 353 3689 455 3788; x_wconf 73' lang='lat' dir='ltr'>poenis</span> <span class='ocrx_word' id='word_1_125' title='bbox 472 3689 551 3760; x_wconf 89' lang='lat' dir='ltr'>meis</span> <span class='ocrx_word' id='word_1_126' title='bbox 571 3687 819 3786; x_wconf 86' lang='lat' dir='ltr'>promerentibus</span> <span class='ocrx_word' id='word_1_127' title='bbox 837 3685 959 3782; x_wconf 84' lang='lat' dir='ltr'>llagitiis</span> <span class='ocrx_word' id='word_1_128' title='bbox 976 3688 1057 3758; x_wconf 90' lang='lat' dir='ltr'>sub-</span> 
     </span>
     <span class='ocr_line' id='line_1_22' title="bbox 151 3818 1057 3918; baseline -0.007 -24"><span class='ocrx_word' id='word_1_129' title='bbox 151 3867 152 3870; x_wconf 61' lang='lat'><em>=</em></span> <span class='ocrx_word' id='word_1_130' title='bbox 196 3823 297 3918; x_wconf 77' lang='lat' dir='ltr'>jactus</span> <span class='ocrx_word' id='word_1_131' title='bbox 314 3847 394 3894; x_wconf 91' lang='lat' dir='ltr'>sum.</span> <span class='ocrx_word' id='word_1_132' title='bbox 447 3823 577 3905; x_wconf 84' lang='lat' dir='ltr'>Verum,</span> <span class='ocrx_word' id='word_1_133' title='bbox 602 3820 671 3918; x_wconf 85' lang='lat' dir='ltr'>quia</span> <span class='ocrx_word' id='word_1_134' title='bbox 689 3818 926 3890; x_wconf 84' lang='lat' dir='ltr'>excellentiores</span> <span class='ocrx_word' id='word_1_135' title='bbox 944 3819 1057 3890; x_wconf 87' lang='lat' dir='ltr'>cedros</span> 
     </span>
    </p>
   </div>
   <div class='ocr_carea' id='block_1_7' title="bbox 199 3951 1057 4056">
    <p class='ocr_par' dir='ltr' id='par_1_7' title="bbox 199 3951 1057 4056">
     <span class='ocr_line' id='line_1_23' title="bbox 199 3951 1057 4056; baseline -0.005 -32"><span class='ocrx_word' id='word_1_136' title='bbox 199 3954 310 4024; x_wconf 88' lang='lat' dir='ltr'>diriora</span> <span class='ocrx_word' id='word_1_137' title='bbox 342 3954 455 4024; x_wconf 90' lang='lat' dir='ltr'>leriunt</span> <span class='ocrx_word' id='word_1_138' title='bbox 483 3955 619 4036; x_wconf 79' lang='lat' dir='ltr'>fulmina,</span> <span class='ocrx_word' id='word_1_139' title='bbox 649 3952 827 4056; x_wconf 80' lang='lat' dir='ltr'>verecunde</span> <span class='ocrx_word' id='word_1_140' title='bbox 850 3965 881 4022; x_wconf 88' lang='lat' dir='ltr'>et</span> <span class='ocrx_word' id='word_1_141' title='bbox 902 3951 1057 4022; x_wconf 90' lang='lat' dir='ltr'>humiliter</span> 
     </span>
    </p>
   </div>
   <div class='ocr_carea' id='block_1_8' title="bbox 0 0 1515 5040">
    <p class='ocr_par' dir='ltr' id='par_1_8' title="bbox 0 0 1515 5040">
     <span class='ocr_line' id='line_1_24' title="bbox 0 0 1515 5040; baseline 0 0"><span class='ocrx_word' id='word_1_142' title='bbox 0 0 1515 5040; x_wconf 95' lang='lat' dir='ltr'> </span> 
     </span>
    </p>
   </div>
  </div>
 </body>
</html>
