3012 5040
428 743 564 790 aristote:
581 747 714 794 llssllllllltTl
728 752 860 798 tostuuAE.
1025 733 1069 805 73

215 919 323 965 veram
347 898 480 995 perdidit
498 904 689 1000 religionem.
743 911 787 980 lta
810 926 843 982 et
865 927 897 982 tu
919 940 976 1010 age
1003 930 1071 986 ter-

215 1049 291 1096 rena
309 1031 442 1123 negotia,
462 1057 502 1102 ne
517 1036 558 1105 tui
574 1039 810 1138 presbyteratus
826 1043 959 1139 dignitas
971 1046 1071 1118 deco-

213 1155 341 1230 loretur.
395 1166 509 1238 Mando
537 1170 590 1240 tibi
620 1173 781 1274 episcopus
806 1177 1009 1276 presbytero,
1039 1195 1071 1252 ut

215 1291 376 1385 permittas
403 1298 504 1368 Deum
535 1293 566 1370 et
594 1303 757 1375 ecclesiam
783 1321 922 1378 nostram
954 1310 1070 1383 habere

214 1424 456 1498 consuetudines
473 1455 545 1500 suas
562 1432 642 1530 apud
659 1433 807 1519 Tedlord
829 1461 905 1534 quas
922 1437 1071 1514 hactenus

213 1551 319 1625 habuit
331 1583 472 1630 meorum
486 1575 519 1632 et
537 1578 771 1636 antecessorum
785 1570 988 1666 temporibus,
1004 1573 1070 1644 sine

213 1683 384 1784 calumpnia
413 1703 445 1762 et
468 1693 534 1763 sine
557 1696 739 1768 secularium
762 1698 980 1796 inquietatione
1002 1703 1071 1801 pla-

212 1816 353 1890 citorum.
399 1823 478 1894 Ama
492 1826 634 1898 Bundum
651 1828 802 1902 decanum
814 1857 929 1918 meum,
946 1848 977 1905 et
990 1834 1070 1907 habe

211 1977 282 2023 cum
304 1979 341 2025 eo
363 1983 482 2056 pacem,
509 1974 541 2030 et
562 1962 653 2033 nullis
671 1964 789 2061 placitis
810 1967 962 2065 inquietes
985 1995 1067 2056 eum,

211 2085 312 2158 donec
334 2090 455 2160 veniam
473 2091 610 2164 Tedlord
630 2109 662 2164 et
682 2095 801 2167 audiam
823 2125 931 2171 causas
948 2111 1071 2174 vestras

212 2222 369 2308 canonice,
386 2237 417 2294 et
435 2225 616 2298 confirmem
635 2228 665 2298 in
683 2229 772 2300 vobis
785 2231 947 2304 amicitiam
965 2249 996 2306 et
1010 2261 1070 2306 ve-

211 2353 336 2424 ritatem
358 2356 452 2452 pacis.
504 2358 575 2442 Fili,
602 2359 627 2428 si
651 2359 722 2430 mihi
742 2361 924 2448 crediderim
948 2365 987 2436 ita
1007 2369 1070 2438 eris

211 2487 397 2584 praepositus
421 2489 500 2587 apud
525 2489 677 2574 Tedlord‚
706 2506 740 2562 ut
765 2519 826 2564 non
851 2495 975 2568 desinas
997 2524 1068 2570 esse

211 2618 359 2690 sacerdos
373 2621 440 2690 Dei.

238 2873 437 2944 EPISTOLA
461 2876 623 2946 XXXVll.
641 2877 750 2948 —Au
766 2905 888 2950 rnlrnus
905 2905 939 2951 ur
956 2907 1043 2951 riuos

478 3032 544 3078 suos
561 3032 633 3079 trun
651 3010 797 3080 Tnoronn.

209 3226 377 3296 Hononmus
401 3232 545 3300 nrrsuorus
571 3255 722 3301 ratramus
749 3257 783 3300 nr
807 3257 886 3300 ruus
912 3257 969 3302 suis
995 3257 1066 3302 troo

482 3361 628 3466 luorum,
651 3387 787 3433 saturnu.

259 3539 368 3610 Sciatis
378 3539 542 3611 chundo
552 3539 670 3612 decano
682 3540 854 3612 reddidisse
864 3541 985 3613 scholas
994 3570 1065 3613 suas

207 3670 289 3768 apud
310 3671 458 3758 Tedlord,
481 3673 560 3744 sicut
580 3699 716 3770 unquam
733 3673 843 3744 melius
865 3687 897 3744 et
914 3674 1065 3770 integrius

206 3803 331 3888 habuit,
347 3817 379 3874 et
390 3805 534 3903 praecipio
550 3819 582 3877 ut
595 3805 662 3876 aliae
680 3805 794 3877 scholae
812 3833 873 3877 non
892 3806 1064 3878 habeantur

206 3935 263 4019 ibi²
282 3935 337 4006 nisi
356 3962 421 4008 suae
438 3938 487 4008 vel
504 3963 580 4039 quas
598 3938 665 4035 ipse
682 3939 789 4010 haberi
806 3939 992 4038 promiserit.

891 4073 922 4121 10
