3038 5036
447 745 559 791 osennn
581 747 615 792 nn
637 749 728 792 oriam
751 749 896 794 nerstein.
1032 730 1093 796 lot

242 901 319 971 ssere
347 929 414 972 sum
443 918 569 974 coactus
594 906 733 1001 injuriam
798 909 930 979 Maxima
960 909 1040 979 enim
1067 935 1102 979 ea

242 1034 347 1129 injuria
364 1047 424 1118 es't,
445 1035 484 1106 de
502 1037 645 1108 libertate
660 1039 689 1108 in
704 1040 897 1119 servitutem,
911 1040 950 1111 de
964 1042 1049 1138 copia
1064 1042 1100 1111 ad

243 1167 373 1264 inopiam
386 1170 547 1241 transitum
559 1171 662 1241 lacere
668 1231 987 1243 ......
1019 1175 1099 1245 Nihil

243 1299 332 1396 cupio
351 1313 480 1398 propter
493 1327 555 1384 me⁷
575 1302 630 1373 sed
648 1317 776 1400 propter
790 1329 846 1374 eos
864 1318 982 1374 tantum
999 1306 1050 1402 qui
1071 1306 1101 1375 in

144 1461 149 1474 ·
241 1434 491 1531 peregrinatione
505 1461 573 1506 mea
590 1437 686 1507 secuti
701 1450 835 1507 suntme
840 1495 1096 1506 .....

242 1567 383 1664 Scriptor
399 1567 429 1637 in
448 1567 515 1638 dies
529 1569 652 1666 inquirit
670 1569 861 1653 mercedem,
880 1584 911 1640 et
926 1595 1019 1668 quum
1036 1573 1102 1642 sine

242 1699 402 1797 stipendiis
418 1701 548 1772 militare
567 1728 628 1772 non
646 1702 778 1787 valeant,
795 1703 897 1774 debita
915 1717 1101 1802 extorquere

242 1831 393 1928 stipendia
412 1858 474 1902 non
490 1845 626 1902 cessant.
681 1835 757 1904 Haeo
775 1848 846 1906 sunt
865 1861 936 1932 quae
953 1861 1003 1906 me
1023 1863 1101 1931 gra—

241 1975 325 2046 vant,
346 1965 414 2060 quia
435 1991 529 2061 quum
546 1965 739 2035 debitoribus
752 1967 821 2061 jura
840 1967 1022 2064 persolvere
1041 1968 1101 2038 de-

240 2096 361 2179 berem,
382 2096 452 2167 nihil
468 2111 583 2194 praeter
601 2099 741 2170 solvendi
757 2101 880 2197 reperio
898 2102 1095 2174 voluntatem.

239 2227 403 2298 lnstitoriis
420 2229 525 2326 utique
539 2256 600 2299 non
619 2257 686 2300 sum
705 2231 862 2302 mercibus
875 2231 1009 2316 deditus,
1025 2235 1099 2330 qui-

241 2360 299 2428 bus
320 2361 448 2456 pecunia
468 2362 591 2458 eopiosa
611 2362 789 2458 acquiritur,
817 2387 875 2434 nec
899 2365 1099 2435 sacularibus

239 2490 318 2560 adeo
331 2492 501 2588 quaestibus
516 2517 584 2562 mea
596 2492 768 2589 implicatur
785 2493 924 2575 intentio,
940 2507 973 2563 ut
985 2493 1098 2564 talenta

239 2621 269 2690 in
287 2621 430 2692 minutias
446 2622 631 2692 contendam
652 2622 839 2718 expendere.
897 2622 968 2692 Sola
981 2625 1099 2694 amico-

239 2781 308 2824 rum
326 2755 473 2839 subsidia,
494 2769 543 2825 etc
548 2813 1092 2825 ..........

237 2886 380 2960 Calendis
396 2888 634 2984 Septembribus
648 2889 816 2985 profecturi
835 2913 942 2957 sumus
958 2887 996 2957 ad
1014 2912 1096 2957 con-

238 3019 351 3104 cilium,
371 3045 480 3091 verum
502 3045 656 3118 expensas
675 3021 804 3118 requirit
827 3035 857 3092 et
875 3021 961 3092 labor
979 3020 1097 3090 itineris

238 3166 270 3222 et
292 3153 464 3224 communis
488 3152 679 3250 participatio
699 3153 939 3232 conviventium,
963 3152 1003 3222 ibi
1026 3177 1096 3222 cum

237 3283 299 3367 illo,
315 3309 371 3381 per
383 3283 512 3379 gratiam
525 3285 593 3366 Dei,
610 3283 818 3354 decernentes
831 3284 963 3355 miscere
977 3309 1096 3354 sermo-

236 3439 309 3485 nem
326 3416 412 3510 cujus
427 3415 481 3485 tibi
500 3439 667 3510 germanus
684 3416 810 3510 sanguis
827 3415 943 3486 etmihi
957 3415 1096 3486 amicitiae

236 3546 398 3617 concinnat
425 3558 623 3617 vetustatem.
677 3545 757 3614 Nihil
785 3547 868 3615 enim
892 3571 1009 3643 quaero,
1039 3547 1095 3614 sed

236 3679 316 3777 apud
344 3681 475 3752 amicum
496 3679 718 3776 querimoniam
743 3679 830 3748 lacio.
883 3679 993 3750 Videat
1018 3705 1094 3773 ergo

235 3812 400 3895 DominuS‚
427 3812 543 3882 amicus
569 3811 762 3894 consideret,
793 3823 904 3908 potens
928 3811 1091 3892 intueatur,

233 3945 377 4042 copiosus
399 3945 585 4042 perpendat.
613 3945 684 4042 quid
709 3971 818 4015 servo.
842 3944 914 4041 quid
937 3944 1091 4017 dilectori.

964 4061 990 4108 er
