3038 5036
453 689 523 760 216
573 712 675 757 riuum
692 710 798 756 aaronis
815 709 1031 755 comsanensis
1048 711 1183 756 saisrotn

450 871 553 940 cordia
582 885 684 940 tamen
711 871 769 940 Dei
797 884 1000 942 succurrente
1025 870 1192 941 infirmitati
1215 895 1309 954 meae,

448 1003 511 1097 jam
529 1002 600 1072 mibi
619 1017 680 1072 tam
700 1016 771 1073 nota
795 1017 843 1073 est
864 1003 1003 1100 probitas
1019 1016 1138 1086 vestra,
1161 1016 1195 1072 ut
1212 1001 1312 1072 vestri

451 1159 556 1204 amore
579 1148 611 1204 et
633 1133 787 1206 desiderio
811 1159 845 1204 so
869 1135 981 1205 satiare
1000 1160 1061 1204 non
1088 1134 1186 1232 possit
1209 1133 1310 1204 anima

451 1293 530 1338 mea.
583 1267 750 1338 Benedicta
763 1267 793 1337 in
807 1267 950 1338 omnibus
964 1267 1060 1362 gratia
1074 1267 1114 1364 pii
1127 1265 1308 1350 conditoris,

451 1401 502 1498 qui
519 1399 652 1472 fideliter
668 1400 724 1471 sibi
741 1400 917 1471 servientes
931 1399 975 1471 sic
992 1399 1123 1471 honorat
1135 1399 1311 1495 largissimo

450 1557 579 1602 munere
593 1532 637 1605 sui
655 1531 737 1602 beati
755 1531 886 1614 amoris;
906 1543 1108 1626 augmentum
1126 1531 1195 1602 talis
1207 1529 1312 1601 devo—

451 1665 542 1735 tionis
558 1663 739 1762 multiplicet
752 1663 885 1761 Spiritus
899 1665 1032 1734 Sanetus
1046 1688 1172 1762 semper
1189 1665 1219 1734 in
1236 1689 1310 1733 mo-

451 1797 536 1868 ribus
550 1797 674 1868 vestris.
727 1797 823 1865 Beata
837 1819 927 1864 mens
940 1795 1001 1878 illa,
1014 1819 1085 1890 quae
1098 1794 1128 1863 in
1140 1793 1198 1864 bac
1210 1792 1311 1864 adbuc

450 1929 529 2000 valle
543 1927 722 2026 plorationis
736 1927 912 2010 constituta,
929 1926 974 1996 sie
986 1927 1016 1996 in
1028 1951 1161 2023 superna
1174 1925 1222 1995 illa
1236 1951 1311 2020 gau-

449 2060 498 2130 dia
513 2057 719 2130 desiderando
735 2082 770 2128 se
788 2057 901 2140 elevat,
921 2069 954 2126 ut
968 2081 1093 2126 omnem
1107 2056 1203 2127 sancti
1217 2057 1311 2126 allec-

450 2205 501 2262 tus
512 2190 719 2261 cessationem
737 2189 884 2273 declinet,
907 2188 1008 2260 donee
1024 2187 1063 2260 ad
1076 2189 1125 2259 illa
1140 2189 1314 2286 pertingat.-

450 2322 524 2393 Tale
550 2347 683 2419 namque
711 2321 844 2392 studium
878 2321 1012 2391 terrenis
1043 2320 1224 2392 tumultibus
1246 2347 1310 2390 non

451 2455 595 2538 variatur,
624 2479 683 2525 nec
706 2453 838 2524 bumana
866 2453 917 2524 vel
945 2451 1035 2524 laude
1063 2452 1229 2536 extollitur,
1257 2454 1310 2524 vel

451 2587 675 2684 vituperatione
703 2585 892 2669 concutitur;
922 2585 1042 2656 animus
1069 2585 1151 2655 enim
1178 2585 1310 2654 internae

451 2716 621 2787 dulcedinis
638 2717 787 2788 suavitate
806 2715 954 2813 repletus,
974 2716 1018 2786 sic
1029 2717 1094 2812 jam
1111 2727 1311 2813 praegustatae

452 2849 605 2922 dulcedini
619 2849 723 2933 inhiat,
739 2863 772 2920 ut
786 2849 876 2920 nullis
895 2849 1060 2920 exterioris
1071 2848 1312 2946 perturbationis

452 2983 646 3080 passionibus
664 2983 854 3054 succumbat.
909 2983 1133 3067 Quamobrem,
1152 3009 1223 3053 cum
1240 2983 1311 3052 ler-

452 3115 634 3186 ventissimo
666 3115 836 3186 sanctitatis
865 3139 971 3186 amore
1003 3128 1141 3185 mentem
1172 3127 1312 3185 vestram

452 3247 575 3344 plenam
598 3272 670 3317 esse
693 3245 858 3330 considam,
884 3245 1046 3317 submissis
1067 3246 1212 3344 precibus
1235 3273 1314 3344 sup-

453 3377 532 3475 plico
556 3377 681 3449 bonitati
706 3395 833 3462 vestras,
857 3391 891 3448 ut
914 3377 1076 3475 peccatrici
1097 3377 1208 3448 animae
1232 3401 1313 3448 meae

454 3511 568 3582 sanctis
586 3512 731 3610 precibus
749 3511 864 3583 vestris
888 3535 1083 3594 succurrere,
1108 3523 1140 3580 et
1157 3533 1219 3594 me,
1241 3509 1315 3580 licet

453 3642 623 3738 indignum,
637 3643 667 3720 in
686 3643 817 3740 aliquam
835 3655 956 3740 partem
974 3641 1184 3712 familiaritatis
1197 3655 1314 3711 vestrae

454 3776 612 3873 suscipere
630 3773 797 3872 dignemini
815 3804 821 3845 z
836 3789 988 3872 quatenus
1001 3775 1083 3846 bona
1097 3773 1121 3843 si
1140 3798 1210 3870 quae
1223 3773 1316 3844 nobis

454 3908 608 3979 miseratio
627 3907 727 3980 divina
745 3908 887 3980 conlerre
904 3907 1060 4003 dignetur,
1082 3907 1120 3976 ita
1138 3932 1195 4004 per
1216 3909 1312 3978 sancti
