3012 5040
427 724 537 770 osorem
556 725 590 770 mr
609 726 698 770 cmm
715 727 861 772 orrsrouu.
1003 707 1071 773 rto

213 881 294 949 enim
313 879 394 950 idem
414 893 539 952 sanctus
557 883 622 952 Dei·
634 884 663 952 in
680 885 773 954 terris
790 887 992 958 veneratione
1009 887 1072 957 ho-

212 1013 339 1097 minum,
360 1039 452 1111 quem
472 1016 503 1084 in
525 1016 705 1088 coelestibus
722 1020 833 1090 castris
851 1021 947 1115 gloria
966 1036 997 1092 et
1013 1023 1073 1092 ho-

213 1170 289 1214 nore
312 1170 368 1214 rex
390 1147 549 1217 coronavit
569 1147 775 1243 Angelorum.

212 1417 413 1486 EPISTULA
435 1419 473 1486 V.
496 1462 543 1470 -
563 1421 729 1490 Courrmus
750 1422 783 1489 S.
811 1424 899 1493 Peru
923 1449 1007 1492 misr.
1036 1451 1072 1494 ro

447 1587 452 1600 κ
480 1553 666 1624 lnuocrnrruu
689 1555 799 1624 Portu.

217 1765 393 1835 Venerabili
409 1769 542 1837 Domino
555 1783 583 1836 et
594 1771 683 1864 putri
699 1796 753 1839 cuo
767 1772 941 1841 Innocentio
954 1797 1074 1841 summo

261 1911 289 1966 et
319 1899 491 1970 uniuersali
515 1900 660 1996 Pontifici
685 1915 847 1971 conuentus
874 1902 952 1972 beuti
977 1904 1074 1972 Ponti

262 2028 426 2099 Londoniro
447 2029 553 2100 debite
573 2030 768 2126 subjectionis
788 2036 1001 2104 reuerentiam.
1090 2085 1098 2102 .

261 2211 381 2282 Latoris
398 2212 599 2308 praesentium
612 2236 779 2308 personam
793 2227 909 2284 vestrae
922 2217 1072 2311 majestati

212 2345 501 2417 commendaremus
516 2344 677 2429 condecet,
694 2359 759 2415 tum
772 2372 829 2442 pro
843 2347 993 2444 opinionis
1006 2375 1072 2420 suae

214 2479 303 2548 bonae
317 2477 470 2576 siquidem
487 2478 673 2562 reverentia,
694 2491 758 2548 tum
776 2505 833 2575 pro
849 2505 906 2550 suo
923 2465 971 2550 ciri
991 2481 1072 2550 mili—

213 2623 256 2680 tet
268 2623 300 2680 et
313 2610 433 2682 laborat
449 2609 628 2681 venerando
645 2610 844 2695 monasterio
865 2625 929 2681 tum
944 2639 1001 2709 pro
1013 2637 1072 2684 ve-

214 2742 360 2814 nerandae
392 2755 424 2812 et
459 2755 576 2812 sanctae
608 2742 780 2825 memoriae,
816 2742 868 2838 qui
900 2741 931 2811 in
961 2742 1071 2814 eadem

213 2875 366 2946 miraculis
402 2899 570 2946 coruscans
607 2875 748 2972 quiescit,
792 2893 868 2970 rege
902 2875 1069 2948 Eduardo.

213 3007 433 3080 Excellentiam
466 3006 558 3102 igitur
586 3018 734 3090 vestram,
766 3006 941 3078 reverende
970 3020 1073 3105 potem

213 3142 324 3212 obnixe
349 3140 540 3238 postulamus
560 3152 593 3228 ut
616 3139 736 3236 praesati
757 3139 814 3210 viri
838 3139 996 3234 negotium
1015 3167 1073 3210 au-

213 3273 324 3346 diendo
339 3273 475 3368 benigne
489 3272 644 3370 suscipiat,
658 3284 690 3342 et
707 3271 877 3343 seeundum
887 3271 945 3341 Dei
956 3272 1072 3342 volun-

213 3419 307 3478 tatem
324 3419 357 3476 et
374 3418 512 3475 vestram
531 3404 761 3488 discretionem,
784 3416 815 3474 et
832 3403 971 3500 praedicti
988 3405 1072 3498 regis

213 3537 390 3634 dignissima
412 3537 537 3620 merito,
559 3536 733 3607 nullatenus
756 3535 946 3632 inexpletum
969 3533 1070 3604 relin-

213 3685 293 3768 quat.
347 3671 466 3766 Dignus
493 3670 574 3740 enim
603 3683 652 3741 est
677 3669 796 3739 honore
825 3667 994 3752 hominum,
1018 3669 1070 3764 qui

213 3804 363 3875 honorem
382 3804 412 3874 in
433 3803 512 3874 eoelo
529 3803 642 3874 meruit
658 3802 862 3898 Angelorum.
