3050 5040
475 727 902 784 urrsrotnnnnnnnnrosmcn.
1075 703 1111 772 ll

260 886 579 958 habiturussumad'
610 946 615 955 .
649 945 653 954 .
687 946 691 955 .
725 946 740 955 ..
764 945 1114 956 ..........

261 1031 298 1088 ut
323 1018 453 1089 eandem
479 1018 622 1090 sinodum
648 1018 714 1087 sine
740 1019 807 1114 ejus
839 1018 1004 1115 praesentia
1038 1018 1120 1089 nullo

262 1145 358 1221 modo
372 1151 503 1222 definire
519 1151 646 1250 possim.
701 1153 769 1246 Ego
784 1151 866 1221 enim
884 1163 968 1221 tanta
981 1151 1119 1221 molestia

262 1283 364 1354 cruris
378 1297 409 1353 et
418 1283 501 1355 tibiae
513 1283 690 1378 affligormt
703 1309 859 1381 nunquam
873 1283 992 1354 valeam
1005 1308 1121 1380 proce-

262 1416 341 1487 dere
353 1417 409 1487 nisi
428 1429 605 1508 nostrorum
618 1416 748 1488 fratrum
766 1415 908 1486 manibus
925 1414 1115 1512 deportatus.

262 1615 466 1685 EPISTOLA
481 1616 581 1684 XXll.
599 1657 646 1666 -
660 1615 707 1684 An
719 1615 857 1684 Orronnn
874 1639 908 1684 nr
924 1616 1116 1705 antuun.

433 1801 600 1871 Herennius
614 1800 721 1870 Orrom
735 1824 768 1868 nr
782 1801 954 1870 Wnnmno.

314 1946 454 2016 lnlantiae
479 1959 512 2016 et
533 1944 673 2044 pueritiae
699 1945 890 2016 torrentibus
912 1944 1063 2028 decursis
1091 1945 1122 2014 in

262 2078 482 2149 adolescentiae
495 2079 639 2176 pelagum
650 2077 805 2162 evasistis,
827 2079 938 2174 ingens
952 2078 1122 2176 periculum

264 2209 324 2280 nisi
356 2209 496 2280 Christus
530 2211 721 2304 gubernator
755 2209 839 2280 assit.
901 2209 1124 2282 Circumlluunt

264 2340 505 2412 adolescentiam
523 2341 647 2412 diversa
669 2341 804 2440 pericula
826 2367 958 2438 quorum
975 2366 1123 2412 numerus

265 2474 403 2543 incertus
420 2486 452 2542 et
471 2473 592 2570 species
610 2472 764 2543 horrenda
780 2472 949 2542 referenti:
965 2471 1036 2542 hino
1053 2472 1122 2567 gula

266 2618 300 2675 et
318 2604 453 2675 ebrietas
466 2617 636 2700 aggravant
652 2603 802 2686 animam3
822 2601 916 2673 libido
937 2616 969 2672 et
990 2603 1123 2673 inconti-

266 2736 370 2806 nentia
386 2735 551 2834 deturpant
562 2763 686 2834 corpus,
698 2736 785 2832 juxta
798 2733 871 2806 illud
884 2733 1044 2832 Apostoli:
1064 2735 1123 2820 Qui

265 2881 370 2939 autem
380 2867 556 2953 fornicatur,
567 2869 598 2938 in
608 2867 888 2966 corpusproprium
897 2880 1013 2965 peccat.
1042 2868 1124 2938 Ava-

265 3000 336 3073 ritia
358 3013 389 3070 et
406 3000 450 3070 ira
472 2999 641 3071 corrodunt
661 3011 817 3083 mentem;
840 2998 961 3070 tristitia
982 3011 1014 3070 et
1030 2998 1124 3070 acidia

266 3131 420 3202 sullocant
436 3131 655 3214 intentionem3
676 3129 845 3200 senodonia
862 3143 894 3200 et
910 3129 1054 3228 superbia
1071 3129 1125 3200 in·-

265 3277 364 3334 cautae
377 3264 491 3334 mentis
500 3277 651 3336 evacuant
665 3262 838 3333 thesauros.
868 3262 1041 3335 Pessimum
1054 3289 1125 3334 om-

266 3397 363 3480 nium,
376 3396 596 3468 adolescentiae
609 3395 843 3467 inconstantiam
857 3396 958 3466 omnis
966 3395 1126 3466 alternatio

265 3545 403 3600 commut
424 3545 445 3600 t.
499 3532 574 3600 Haec
588 3543 661 3600 sunt
677 3528 725 3598 illa
743 3525 961 3599 adolescentiae
977 3526 1123 3623 pericula,

267 3660 351 3732 saxis
371 3660 521 3745 surdiora,
542 3661 675 3759 scopulis
690 3661 858 3758 asperiora,
878 3658 980 3756 Scylla
999 3671 1031 3728 et
1043 3656 1126 3728 Cha-

266 3792 347 3864 ribdi
358 3793 499 3876 saeviora,
509 3793 650 3865 Palinuro
664 3793 810 3878 tristiora,
819 3792 956 3891 syrtibus
966 3804 997 3862 et
1006 3791 1123 3889 piratio,

299 3960 304 3980 ·
319 3949 393 3994 Deest
408 3955 501 3992 nomen
514 3943 563 3993 loci
575 3944 601 3992 in
614 3947 659 3994 tls.

1014 4043 1030 4090 6
