3012 5040
458 694 594 772 rrrsroin
609 725 888 772 urrunnunosiuun.
1048 702 1093 774 87

234 881 356 953 veletur
374 881 551 962 archanum,
568 895 600 952 et
617 882 757 952 invenies
775 893 922 979 quantum
942 884 981 953 sit
997 873 1094 981 impar

235 1025 306 1082 tuus
325 1012 413 1083 labor
438 1013 628 1085 adfuturam
648 1014 784 1111 quietem
805 1038 875 1111 quae
892 1027 954 1086 tuae
971 1040 1095 1114 praepa-

234 1155 320 1215 ratur
337 1143 554 1241 expectationi.
607 1146 642 1214 In
655 1143 748 1215 domo
765 1145 823 1216 Dei
841 1159 873 1216 te
891 1146 1034 1218 constitui
1051 1147 1094 1218 lu-

234 1301 379 1358 cernam,
412 1276 584 1348 accendere
610 1276 678 1348 luce
709 1277 887 1375 sapientiae,
925 1277 1095 1350 illuminare

233 1405 431 1477 scientiarum
458 1406 609 1478 claritate.
666 1409 810 1505 Praepara
836 1408 1096 1480 inexhauriendos

235 1537 409 1622 thesauros,
422 1552 454 1608 ut
467 1538 583 1610 habeas
596 1538 679 1612 unde
695 1541 837 1638 proferas
850 1567 930 1612 nova
944 1553 976 1611 et
988 1555 1095 1613 vetera

235 1672 295 1740 tuis
321 1669 520 1742 auditoribus.
578 1673 644 1742 Tuo
676 1671 832 1743 desiderio
860 1672 982 1743 trivium
1006 1698 1096 1744 com-

234 1801 349 1873 mendo
366 1817 398 1874 et.
415 1803 625 1900 quadrivium,
648 1817 768 1902 septem
791 1803 933 1876 videlieet
953 1805 1096 1877 liberales

234 1947 331 2018 artes
347 1934 490 2031 quoniam
510 1934 561 2032 qui
578 1933 687 2006 harum
709 1934 889 2006 eruditionis
906 1949 954 2007 est
968 1962 1093 2035 eripere,

236 2066 349 2136 frustra
372 2091 407 2136 se
429 2065 644 2164 philosophum
669 2066 841 2163 profitetur.
896 2067 999 2139 Saluta
1026 2082 1096 2139 tuos

235 2197 412 2296 discipulos,
440 2199 480 2269 ita
505 2211 610 2270 tamen
633 2198 658 2268 si
682 2199 738 2270 sibi
756 2199 923 2295 injunctam
944 2226 1095 2270 summam

237 2355 383 2400 versuum
397 2330 590 2402 reddiderint
602 2330 685 2401 mihi.
707 2331 841 2402 Felicem
853 2331 925 2402 volo
939 2332 1095 2406 abundare

236 2461 443 2557 leguminibus
458 2476 491 2534 et
509 2463 685 2562 pulmentis.
718 2464 849 2536 Contuli.

361 2745 561 2816 EPISTOLA
583 2747 617 2815 L.
638 2788 681 2798 —
700 2746 748 2815 Au
765 2746 972 2816 Grsnunnuruu.

482 2949 650 3019 Hnnmuuus
663 2949 849 3019 Grsnsnnnro.

288 3127 374 3198 ldem
400 3154 455 3199 cur
478 3140 510 3198 et
533 3126 664 3198 eandem
687 3127 830 3198 animam.
889 3126 1000 3198 Misisti
1026 3127 1097 3201 mihi

238 3260 373 3358 quinque
394 3262 459 3359 pira
480 3274 512 3331 et
533 3260 669 3359 quinque
689 3273 809 3344 cotona,
834 3259 952 3356 grande
972 3285 1095 3343 munus,

239 3391 296 3462 sed
309 3392 334 3462 si
348 3393 406 3464 sub
420 3417 509 3463 sacro
525 3391 758 3463 continerentur
775 3415 917 3464 numero.
970 3389 1045 3473 Sed,
1064 3403 1098 3460 ut

240 3524 337 3609 nosti,
366 3525 509 3623 simplum
538 3524 674 3623 quinque
703 3522 885 3620 corporalia,
914 3535 945 3593 et
971 3522 1097 3620 duplum

240 3656 341 3753 legem
363 3657 513 3753 significat
532 3655 711 3739 Judeorum‚
733 3655 784 3752 qui
808 3668 840 3751 et
869 3656 924 3754 ipsi
946 3655 1005 3727 sub
1026 3655 1098 3726 ele-

240 3789 354 3860 mentis
387 3789 477 3886 hujus
510 3787 614 3860 mundi
649 3787 825 3859 servientes
850 3801 948 3859 erant.
1008 3786 1098 3859 Unde

239 3922 313 3994 libet
334 3922 425 4019 igitur
444 3923 586 4020 inspicias
612 3922 723 3993 nullam
743 3922 773 3992 in
796 3922 855 3992 tuis
875 3921 1098 4019 perfectionem
