3038 5036
349 759 451 804 cunum
470 761 574 804 l'thJRtS
590 761 805 806 CANTUthENSlS
822 759 968 804 aristote.
1025 734 1095 804 225

363 1035 562 1105 uPtstotn
581 1037 661 1103 Vttt.
673 1036 775 1104 -Ao
789 1037 973 1106 Graecinum.

241 1183 330 1250 Beati
346 1185 435 1280 requi
454 1181 571 1278 fervido
586 1185 721 1252 amatori
736 1182 902 1278 (lutifrido,
917 1184 1020 1278 'freter
1037 1185 1068 1252 E
1071 1183 1101 1251 l-

290 1339 403 1392 merus,
422 1317 456 1383 io
480 1317 571 1384 terris
594 1340 714 1410 semper
734 1314 869 1384 coelestio
887 1339 994 1409 supere
1018 1329 1045 1382 et
1068 1317 1102 1382 in

292 1448 378 1517 coelis
394 1462 509 1518 oeterno
525 1447 644 1544 pecudia
663 1448 839 1518 sublimiter
851 1449 1018 1544 percipere.

291 1714 371 1784 Olim
389 1715 514 1810 quidem
534 1715 686 1786 dilectioni
706 1729 823 1786 vestrae
841 1715 983 1812 quaedam
997 1730 1103 1786 trans-

242 1848 388 1918 mittenda
404 1848 602 1928 dictaveram,
624 1849 679 1920 sed
696 1849 872 1947 priusquam
891 1849 1101 1928 mitterentur,

242 1980 315 2050 dum
340 1995 464 2051 vestros
490 1981 636 2076 egregios
659 2006 773 2052 versus
802 1981 1013 2079 susciperem,
1041 2007 1102 2052 non

241 2113 319 2183 adeo
332 2113 404 2184 mihi
422 2138 505 2184 ourae
522 2115 577 2185 luit
589 2113 679 2186 dictis
699 2113 836 2210 egregiis
852 2114 975 2211 scriptis
991 2114 1104 2184 vilibus

242 2245 444 2343 respondere.
498 2247 575 2318 lllud
600 2261 704 2318 tamen
727 2246 971 2345 philosophicum
996 2259 1104 2316 atten-

243 2376 322 2449 dens
340 2404 401 2475 quo
418 2377 528 2449 dicitur
549 2407 555 2448 :
577 2381 648 2450 Non
665 2404 789 2476 aequum
805 2377 932 2473 judicat,
953 2377 1004 2474 qui
1022 2377 1104 2447 inter

242 2511 376 2608 impares
388 2509 471 2608 paria
486 2511 552 2581 vult
565 2509 663 2582 officia
677 2510 817 2605 exigere,
832 2509 978 2580 versibus
991 2509 1105 2579 vestris

242 2643 373 2715 dictandi
391 2667 520 2716 munere
538 2645 628 2742 cupio
645 2643 858 2742 respondere,
878 2642 937 2713 etsi
955 2669 1017 2713 non
1039 2643 1103 2741 pari

242 2775 342 2853 laude,
362 2789 447 2846 certe
469 2803 531 2847 non
554 2776 651 2846 otiosa
675 2775 853 2846 devotione.
907 2773 997 2859 Quod
1021 2774 1103 2844 enim

242 2909 273 2979 in
294 2908 454 3007 sapientiae
479 2909 575 3004 gratia
601 2909 737 3006 impares
759 2908 872 2990 simne,
902 2932 1002 2978 exeo
1031 2907 1106 2977 satis

242 3039 354 3122 elucet,
375 3040 456 3138 quod
473 3053 613 3111 vestrum
631 3040 743 3111 subtile
765 3039 922 3136 ingenium
941 3039 1105 3137 incompa-

242 3169 380 3241 rabiliter
406 3195 486 3241 meae
514 3171 726 3268 supereminet
754 3169 943 3242 hebetudini.
1000 3169 1105 3253 Quum

242 3304 334 3398 igitur
357 3305 387 3374 in
411 3305 466 3375 bac
489 3319 575 3402 parte
599 3305 766 3402 parochis
790 3303 924 3375 officium
950 3327 1105 3399 nequeam

243 3431 422 3514 redhibere,
441 3432 499 3502 hoc
520 3433 705 3502 omnimodis
723 3433 850 3512 curabo,
870 3457 931 3529 quo
950 3430 1105 3501 dilectioni

243 3576 357 3634 vostrae
371 3589 431 3634 non
447 3565 595 3661 imparem
614 3563 785 3634 dilectionis
802 3563 946 3632 affectum
964 3587 1026 3631 non
1046 3587 1106 3630 ne-

244 3692 357 3787 gligam
379 3693 538 3762 exhibere.
593 3694 700 3788 ltaque
717 3693 802 3787 juxta
828 3691 900 3761 illud
920 3691 1075 3787 Sapientis
1097 3719 1103 3757 :

245 3822 348 3892 Liceat
374 3822 453 3891 inter
479 3822 583 3892 olores
612 3846 744 3891 sonoros
771 3845 917 3890 anserem
948 3835 1102 3916 strepere.

246 3953 328 4024 Malo
343 3955 425 4025 enim
443 3954 535 4025 etiam
550 3954 631 4024 inter
648 3953 794 4024 luscinios
807 3967 916 4022 cantus
929 3952 979 4022 vel
998 3978 1107 4021 raucus

946 4069 978 4119 aa
