3050 5040
431 690 475 756 311
631 712 766 756 utustotu
781 713 913 758 llEltllEltTl
927 715 1059 760 tostttoAE.

429 875 549 945 veniam
571 871 766 967 negligentiis
784 873 879 953 meis,
899 887 930 943 et
943 873 1048 944 releva
1067 873 1285 971 desperantem

428 1004 1282 1087 visitationibustuis.Habeastecum,oBoatelohannes

427 1139 457 1208 in
475 1137 522 1206 his
540 1135 617 1206 meis
630 1134 835 1205 anxietatibus
849 1135 1040 1220 relevandis
1057 1161 1168 1206 omnes
1184 1133 1284 1204 socios

427 1270 542 1342 amicos
562 1283 632 1338 tuos
648 1293 726 1364 quos
745 1266 941 1362 negligenter
954 1268 1088 1340 vivendo
1106 1268 1178 1338 milri
1198 1292 1285 1366 prae-

428 1402 532 1502 paravi
550 1401 698 1472 inimicos.
752 1401 833 1496 Age,
857 1401 1025 1484 lohannes,
1047 1427 1116 1498 age,
1137 1399 1286 1471 merentis

427 1535 680 1606 aneillaecausam
697 1531 777 1629 apud
796 1533 1054 1604 clementissimas
1071 1559 1163 1605 aures
1176 1532 1285 1604 aeterni

423 1666 535 1764 judicis
547 1665 599 1762 qui
612 1664 854 1736 misericordiam
864 1665 979 1762 judicio
993 1667 1163 1764 praeponit,
1179 1679 1210 1736 et
1221 1691 1284 1734 ma-

429 1799 493 1870 vult
507 1811 623 1868 nostrae
641 1796 879 1866 resurrectionis
895 1797 990 1867 vitam
1004 1823 1097 1894 quarn.
1114 1823 1178 1868 suae
1196 1821 1286 1866 exer-

428 1957 501 2002 cere
518 1929 682 2027 punitionis
700 1927 952 2023 indignationem.
1005 1932 1076 1999 Non
1098 1929 1211 2027 poterit
1231 1928 1285 1998 tibi

429 2063 549 2158 roganti
560 2086 701 2132 meorum
710 2074 906 2157 peccatorum
922 2087 1038 2157 negare
1052 2060 1283 2157 indulgentiam,

429 2195 526 2292 quiet
540 2193 593 2263 tibi
607 2205 639 2262 et
653 2191 713 2260 tuis
723 2189 939 2261 consodalibus
952 2192 1111 2289 proecepit,
1126 2205 1159 2262 ut
1171 2217 1228 2290 pro
1240 2191 1286 2260 eis

429 2326 655 2398 intercedentis
676 2351 807 2423 quorum
831 2325 923 2395 etiam
952 2326 1148 2423 patiebamini
1170 2350 1286 2423 perse-

428 2461 592 2532 cutionem.
645 2458 775 2528 Veniam
789 2455 926 2541 tandem,
943 2457 1076 2542 veniam,
1090 2483 1108 2528 0
1122 2461 1217 2528 Beate
1231 2459 1287 2528 Jo-

427 2594 557 2675 hannes
573 2592 634 2662 tuis
651 2591 770 2662 meritis
781 2591 818 2661 ad
833 2591 1130 2662 reconciliationem!
1185 2591 1284 2662 Divini

430 2728 532 2798 vultus
548 2727 667 2796 intuear
678 2723 940 2821 tranquillitatem,
956 2724 1144 2822 complectar
1163 2722 1285 2794 fruitio-¹

430 2884 519 2941 nem;
546 2857 668 2926 veniam
690 2855 728 2925 ad
749 2880 899 2950 regnum,
925 2855 1047 2926 veniam
1069 2855 1108 2926 ad
1129 2856 1282 2954 palatium

430 2992 552 3062 veniam
573 2989 611 3060 ad
635 2975 808 3060 corivivium
833 2988 920 3084 cujus
937 2987 1052 3058 deliciis
1073 2989 1154 3060 beati
1175 2987 1286 3085 Angeli

429 3139 521 3222 atque
546 3151 654 3194 eorum
682 3122 827 3194 concives
849 3147 959 3192 omnes
981 3123 1071 3193 electi
1094 3123 1282 3198 reficiuntur.

430 3255 652 3352 immortalique
665 3253 813 3337 contuitu,
825 3252 937 3324 divinae
953 3254 1132 3324 substantiae
1143 3253 1286 3325 inellabili

429 3390 590 3462 dulcedine
604 3402 695 3486 atque
710 3387 788 3458 dulci
806 3387 1015 3458 inell'abilitate
1033 3389 1191 3459 satiantur.
1234 3388 1286 3459 llla

430 3523 522 3618 igitur
538 3535 655 3592 aeterna
677 3521 706 3589 in
723 3519 858 3603 civitate,
879 3544 898 3588 o
915 3521 1012 3588 Beate
1031 3518 1199 3602 lohannes
1216 3519 1287 3590 col-

430 3656 522 3736 lecta,
536 3652 656 3723 audiam
672 3651 824 3723 canticum
843 3650 926 3749 quod
946 3665 978 3722 et
995 3664 1027 3722 tu
1044 3663 1161 3736 cautae,
1179 3664 1211 3721 et
1228 3651 1287 3721 illae

430 3801 532 3856 locum
541 3798 664 3855 cantant
677 3784 814 3880 virgines
828 3784 878 3882 qui
892 3798 1063 3881 sequuntur
1074 3783 1201 3879 Agnum
1214 3808 1289 3879 quo-

429 3943 560 4014 cumque
570 3917 648 3988 ierit.
661 3919 835 4002 Postremo,
848 3945 866 3987 o
879 3917 1063 3988 Beatissime
1073 3916 1240 4000 lohannes
1253 3929 1286 3986 ut
