3012 5040
453 765 589 812 unsronn
601 764 734 810 nonunnn
746 763 879 810 rosinam.
1052 735 1097 808 77

243 925 288 995 rio
302 951 381 1022 pane
399 937 430 995 et
441 924 491 995 vili
508 925 595 1021 isopo
613 922 705 992 vitam
720 947 781 992 non
797 921 914 992 nutrire
929 920 985 991 sed
1000 921 1102 1019 potins

244 1071 431 1128 sustentare.
485 1059 529 1127 lta
543 1070 574 1127 et
588 1054 701 1154 Egypti
718 1080 796 1152 qnos
811 1054 926 1152 primos
944 1052 1102 1124 hominum

243 1187 437 1273 confirmant,
459 1215 546 1259 suam
567 1184 790 1284 philosophiam
811 1184 849 1256 ali
871 1185 973 1255 esurie
994 1185 1103 1283 dispu-

245 1322 361 1392 tabant.
414 1321 520 1394 Nostri
540 1344 664 1418 quoque
682 1317 848 1390 academici
866 1331 985 1388 stantes
1001 1344 1104 1389 corne-

246 1454 379 1538 debant,
409 1454 496 1525 cibos
526 1453 626 1550 potius
657 1465 887 1550 praegustantes
911 1477 1003 1548 quam
1031 1477 1105 1521 suos

246 1587 432 1685 aqualiculos
461 1613 603 1659 escarum
633 1583 825 1657 multitudine
854 1597 1036 1668 onerantes,
1064 1611 1104 1655 ne

248 1720 382 1814 gravatis
405 1718 528 1816 crapula
546 1717 702 1800 stomacis‚
722 1714 999 1814 philosophantium
1022 1715 1104 1786 acies

247 1850 455 1922 intellectuum
498 1851 732 1921 obnubilaretur·
772 1849 822 1919 vel
865 1848 1100 1919 obtunderetur.

247 1984 360 2055 Habuit
378 1998 409 2054 et
433 2011 590 2084 synagoga
612 1982 748 2067 Heliam,
768 1982 874 2054 habuit
891 1997 922 2054 et
940 1985 1101 2065 loannem,

246 2116 350 2188 babuit
364 2131 395 2188 et
409 2117 488 2188 lilios
501 2117 723 2216 prophetarum
736 2142 868 2215 quorum
880 2143 1029 2188 numems
1042 2145 1104 2188 non

247 2249 472 2333 minorabatur,
500 2249 571 2320 licet
596 2249 678 2319 inter
703 2273 759 2319 eos
783 2248 885 2320 nullus
910 2263 1100 2320 nasceretur.

246 2378 333 2449 Oliva
345 2379 511 2459 fructifera,
523 2381 654 2452 ecclesia
668 2380 823 2464 videlicet,
840 2406 954 2477 sponsa
967 2381 1105 2451 Salvato-

248 2511 307 2594 ris,
335 2539 461 2583 suorum
485 2513 708 2584 continentium
731 2512 897 2584 decoratur
917 2512 1101 2608 agminibus,

247 2669 285 2714 eo
302 2642 448 2716 latissime
465 2646 599 2732 dilatata,
620 2647 672 2717 ubi
690 2672 805 2717 nomen
821 2645 933 2717 Christi
951 2645 1041 2715 luerit
1059 2645 1104 2714 in-

245 2788 398 2847 vocatum.
453 2779 572 2850 Habeat
583 2792 615 2850 et
627 2793 732 2851 nostra
745 2779 856 2850 domus
868 2778 986 2849 celibes
998 2777 1102 2873 gigno-

248 2907 412 3006 sophistas
437 2924 562 2981 nostros
585 2911 701 2982 scilicet
722 2911 821 3007 bigas,
845 2937 923 3008 quos
950 2910 989 2981 de
1009 2910 1103 2982 corde

247 3067 318 3112 meo
346 3043 453 3138 genui,
485 3044 582 3115 etde
608 3070 688 3115 mem
717 3045 829 3115 mentis
854 3044 933 3116 lacte
963 3059 1104 3115 materno

246 3175 357 3247 affectu
375 3176 513 3247 educavi.
567 3177 589 3248 li
609 3178 751 3249 eluceant
773 3177 1007 3250 cumfratribus
1027 3178 1101 3260 suis⁷

247 3307 423 3405 exemplum
453 3307 650 3405 parcimoniae
676 3309 852 3380 sobrietatis
875 3322 907 3379 et
931 3309 1100 3407 pudicitiae,

247 3436 422 3509 humilitatis
436 3452 468 3509 et
479 3437 644 3535 patientiae7
659 3439 798 3536 puritatis
812 3451 844 3509 et
858 3439 1054 3524 obedientiae,
1070 3454 1103 3511 ut

246 3581 421 3641 nostrorum
433 3570 663 3644 adolescentum
674 3571 804 3642 celibatu
816 3573 1104 3671 provocati‚nostnn

246 3698 468 3794 grandeviores
492 3701 632 3772 ecclesiae
658 3726 732 3771 vera
760 3700 790 3771 in
813 3701 961 3797 religiono
987 3702 1105 3774 conlin-

246 3844 379 3902 mentur.
433 3834 521 3905 Mitto
539 3861 661 3916 munuc,
675 3861 737 3905 non
755 3861 876 3920 munus,
893 3835 948 3906 sed
967 3837 1104 3907 muneris

245 3991 359 4050 arram,
371 3966 522 4040 missurus
535 3994 646 4038 munus
659 3981 827 4066 conspecto
840 3995 969 4040 munere
982 3982 1099 4040 vestro.
