3012 5040
433 705 567 750 Et’tstotAE
584 705 716 750 annuatur
733 706 864 752 tosmnAE.
1009 687 1022 752 l
1032 689 1076 753 05

222 865 318 936 simus
335 863 526 948 charitatem,
545 877 697 960 quatenus
710 862 845 934 delente
860 892 1078 963 supernoque

224 1022 290 1094 praa
299 996 421 1067 caeteris
434 996 636 1079 inebriamini,
645 1011 735 1093 prout
746 997 836 1068 vobis
845 999 977 1095 Spiritus
987 1025 1079 1071 sanc-

225 1144 276 1201 tus
298 1129 459 1201 effundere
480 1129 608 1225 gratiam
630 1130 821 1226 permiserit,
847 1130 937 1228 cipho
959 1132 1080 1230 pietatis

226 1261 336 1331 ovibus
354 1261 475 1332 Domini
498 1260 616 1332 diserto
641 1263 816 1334 sitientibus
842 1265 1006 1361 propinare
1029 1264 1080 1335 di-

226 1394 374 1489 gnemini.
434 1395 598 1466 Nouellum
633 1421 710 1494 opus
738 1395 774 1466 ad
807 1421 948 1493 praesens
978 1396 1077 1478 edite;

226 1553 385 1597 musarum
406 1552 487 1597 novo
507 1525 713 1598 modulamine
736 1541 897 1612 resonate;
918 1541 1080 1600 tractatum

226 1659 390 1756 perutilem
408 1672 439 1730 et
455 1659 574 1730 cunctis
596 1657 737 1730 fidelibus
760 1633 969 1730 necessaiium
992 1661 1081 1731 nobis

226 1787 419 1888 componite,
443 1789 523 1887 quod
554 1804 585 1859 et
616 1790 699 1859 vires
724 1804 882 1860 resumant
904 1791 1083 1862 claustrales

227 1921 464 1991 adversantibus
479 1920 653 2016 angustiati,
671 1934 702 1991 et
714 1921 832 2017 pudore
847 1947 911 2019 prae
925 1923 1018 1994 nimio
1033 1949 1082 1993 re-

226 2053 371 2124 lellantur
392 2053 513 2136 inimici,
534 2078 595 2150 qno
617 2051 645 2121 in
666 2051 778 2149 liquido
800 2067 938 2150 patescat
962 2055 1083 2153 quidet

226 2200 281 2256 aut
294 2199 451 2282 quantum,
465 2198 515 2256 aut
529 2185 640 2282 quibus
656 2185 757 2256 valeat
769 2186 978 2258 monachatus.
1016 2190 1082 2258 Hoc

227 2317 310 2412 agite
326 2331 358 2388 et
374 2317 413 2388 ad
431 2317 489 2388 hoc
506 2317 659 2414 agendum
677 2344 734 2415 pro
750 2320 818 2388 Deo
835 2293 1005 2417 aliquandiu
1021 2347 1083 2390 va-

227 2463 307 2520 cate.
361 2451 428 2520 Hoc
449 2449 531 2520 enim
557 2475 731 2547 precamur,
758 2449 816 2520 etsi
841 2449 916 2520 locis
937 2449 1080 2548 dispersi,

229 2595 335 2652 mente
360 2597 462 2654 tamen
484 2583 660 2666 unanimes;
682 2583 788 2654 necin
808 2591 916 2654 mensa
939 2609 1017 2681 opus
1035 2597 1083 2654 est

228 2715 356 2812 superni
373 2715 507 2785 {luminis
524 2714 732 2799 inundatione,
749 2714 805 2786 sed
819 2715 914 2786 stillas
930 2716 1083 2814 impetre-

228 2873 300 2918 mus
316 2847 430 2945 aliquas
447 2861 591 2918 nectarea
610 2847 783 2919 dulcedine.
837 2849 888 2919 Pia
906 2863 1005 2919 mater
1020 2849 1085 2918 eri-

228 2993 319 3072 gatur
349 2977 496 3061 ecclesia,
525 2991 558 3048 ut
585 3003 654 3074 quae
684 2979 792 3049 orbata
821 2979 920 3049 luerat
944 2979 1083 3050 Anselmi

229 3108 326 3206 patris
347 3108 386 3180 ad
407 3107 504 3178 coelos
531 3107 747 3202 emigratione,
772 3110 918 3180 Herberti
941 3111 1085 3208 episcopo

227 3243 428 3314 corroborata
447 3241 606 3338 suffragio,
628 3242 854 3340 equipollenter
878 3244 991 3340 vigeat,
1018 3247 1085 3342 ejus

229 3375 346 3446 munita
373 3374 573 3459 defensione,
599 3388 634 3444 ut
657 3375 915 3472 quemadmodum
944 3377 1086 3474 supernis

230 3508 350 3580 civibus
367 3509 554 3580 admiscetur
575 3508 755 3592 Anselmutt,
776 3509 867 3579 sicin
888 3509 1006 3579 coelesti
1029 3535 1085 3579 ro-

232 3642 317 3738 quie‚
345 3642 451 3713 sinon
475 3641 551 3712 sede
573 3641 747 3739 pontificali,
772 3641 922 3712 Anselmo
944 3642 1085 3714 succedat
1128 3680 1131 3690 ·

231 3772 419 3843 Herbertus
