<?xml version="1.0" encoding="UTF-8"?>
<!DOCTYPE html PUBLIC "-//W3C//DTD XHTML 1.0 Transitional//EN"
    "http://www.w3.org/TR/xhtml1/DTD/xhtml1-transitional.dtd">
<html xmlns="http://www.w3.org/1999/xhtml" xml:lang="en" lang="en">
 <head>
  <title>
</title>
<meta http-equiv="Content-Type" content="text/html;charset=utf-8" />
  <meta name='ocr-system' content='tesseract 3.04.00' />
  <meta name='ocr-capabilities' content='ocr_page ocr_carea ocr_par ocr_line ocrx_word'/>
</head>
<body>
  <div class='ocr_page' id='page_1' title='image "./epistolaeherber00ethegoog_0076.png"; bbox 0 0 3050 5040; ppageno 0'>
   <div class='ocr_carea' id='block_1_1' title="bbox 488 685 1134 756">
    <p class='ocr_par' dir='ltr' id='par_1_1' title="bbox 488 685 1134 756">
     <span class='ocr_line' id='line_1_1' title="bbox 488 685 1134 756; baseline -0.005 -2"><span class='ocrx_word' id='word_1_1' title='bbox 488 708 916 756; x_wconf 81' lang='lat' dir='ltr'>nrrsronaunnnnnnuosmon.</span> <span class='ocrx_word' id='word_1_2' title='bbox 1089 685 1134 752; x_wconf 79' lang='lat'>53</span> 
     </span>
    </p>
   </div>
   <div class='ocr_carea' id='block_1_2' title="bbox 272 911 1132 987">
    <p class='ocr_par' dir='ltr' id='par_1_2' title="bbox 272 911 1132 987">
     <span class='ocr_line' id='line_1_2' title="bbox 272 911 1132 987; baseline 0.006 -8"><span class='ocrx_word' id='word_1_3' title='bbox 272 911 478 982; x_wconf 83' lang='lat' dir='ltr'><strong>EPISTOLA</strong></span> <span class='ocrx_word' id='word_1_4' title='bbox 500 915 645 984; x_wconf 86' lang='lat' dir='ltr'><strong>XXVIII.</strong></span> <span class='ocrx_word' id='word_1_5' title='bbox 662 959 710 967; x_wconf 92' lang='lat'><strong>—</strong></span> <span class='ocrx_word' id='word_1_6' title='bbox 728 916 775 985; x_wconf 43' lang='lat' dir='ltr'>rho</span> <span class='ocrx_word' id='word_1_7' title='bbox 797 917 918 986; x_wconf 77' lang='lat' dir='ltr'>Oroanna</span> <span class='ocrx_word' id='word_1_8' title='bbox 940 918 1132 987; x_wconf 81' lang='lat' dir='ltr'>Wununuun.</span> 
     </span>
    </p>
   </div>
   <div class='ocr_carea' id='block_1_3' title="bbox 473 1097 937 1168">
    <p class='ocr_par' dir='ltr' id='par_1_3' title="bbox 473 1097 937 1168">
     <span class='ocr_line' id='line_1_3' title="bbox 473 1097 937 1168; baseline 0.004 -4"><span class='ocrx_word' id='word_1_9' title='bbox 473 1097 640 1167; x_wconf 80' lang='lat' dir='ltr'>Hunnnnrus</span> <span class='ocrx_word' id='word_1_10' title='bbox 658 1097 749 1166; x_wconf 89' lang='lat' dir='ltr'>Orom</span> <span class='ocrx_word' id='word_1_11' title='bbox 766 1097 937 1168; x_wconf 79' lang='lat' dir='ltr'>Wnnnnno.</span> 
     </span>
    </p>
   </div>
   <div class='ocr_carea' id='block_1_4' title="bbox 273 1258 1139 1754">
    <p class='ocr_par' dir='ltr' id='par_1_4' title="bbox 273 1258 1139 1754">
     <span class='ocr_line' id='line_1_4' title="bbox 325 1258 1138 1354; baseline 0.005 -26"><span class='ocrx_word' id='word_1_12' title='bbox 325 1259 476 1354; x_wconf 81' lang='lat' dir='ltr'>Cogitanti</span> <span class='ocrx_word' id='word_1_13' title='bbox 497 1258 570 1328; x_wconf 94' lang='lat' dir='ltr'>mihi</span> <span class='ocrx_word' id='word_1_14' title='bbox 592 1259 631 1330; x_wconf 93' lang='lat' dir='ltr'>de</span> <span class='ocrx_word' id='word_1_15' title='bbox 654 1259 754 1331; x_wconf 89' lang='lat' dir='ltr'>studio</span> <span class='ocrx_word' id='word_1_16' title='bbox 768 1273 800 1332; x_wconf 89' lang='lat' dir='ltr'>ct</span> <span class='ocrx_word' id='word_1_17' title='bbox 815 1260 954 1332; x_wconf 90' lang='lat' dir='ltr'>doctrina</span> <span class='ocrx_word' id='word_1_18' title='bbox 970 1273 1086 1345; x_wconf 88' lang='lat' dir='ltr'>vestra,</span> <span class='ocrx_word' id='word_1_19' title='bbox 1106 1275 1138 1332; x_wconf 88' lang='lat' dir='ltr'>ct</span> 
     </span>
     <span class='ocr_line' id='line_1_5' title="bbox 273 1390 1138 1491; baseline 0.007 -33"><span class='ocrx_word' id='word_1_20' title='bbox 273 1390 419 1486; x_wconf 83' lang='lat' dir='ltr'>quaedam</span> <span class='ocrx_word' id='word_1_21' title='bbox 442 1391 577 1487; x_wconf 80' lang='lat' dir='ltr'>elegiaca</span> <span class='ocrx_word' id='word_1_22' title='bbox 604 1393 762 1464; x_wconf 79' lang='lat' dir='ltr'>cantitanti</span> <span class='ocrx_word' id='word_1_23' title='bbox 779 1394 878 1464; x_wconf 91' lang='lat' dir='ltr'>noctis</span> <span class='ocrx_word' id='word_1_24' title='bbox 901 1395 959 1464; x_wconf 90' lang='lat' dir='ltr'>sub</span> <span class='ocrx_word' id='word_1_25' title='bbox 979 1393 1138 1491; x_wconf 81' lang='lat' dir='ltr'>cujusdam</span> 
     </span>
     <span class='ocr_line' id='line_1_6' title="bbox 274 1520 1138 1622; baseline 0.006 -32"><span class='ocrx_word' id='word_1_26' title='bbox 274 1520 398 1592; x_wconf 88' lang='lat' dir='ltr'>silentio</span> <span class='ocrx_word' id='word_1_27' title='bbox 423 1523 580 1619; x_wconf 84' lang='lat' dir='ltr'>subrepsit</span> <span class='ocrx_word' id='word_1_28' title='bbox 603 1549 749 1609; x_wconf 79' lang='lat' dir='ltr'>somuuS,</span> <span class='ocrx_word' id='word_1_29' title='bbox 773 1538 859 1596; x_wconf 90' lang='lat' dir='ltr'>tanto</span> <span class='ocrx_word' id='word_1_30' title='bbox 879 1525 1003 1620; x_wconf 77' lang='lat' dir='ltr'>gravior</span> <span class='ocrx_word' id='word_1_31' title='bbox 1023 1538 1138 1622; x_wconf 88' lang='lat' dir='ltr'>quanto</span> 
     </span>
     <span class='ocr_line' id='line_1_7' title="bbox 274 1654 1139 1754; baseline 0.006 -32"><span class='ocrx_word' id='word_1_32' title='bbox 274 1654 423 1724; x_wconf 87' lang='lat' dir='ltr'>attentius</span> <span class='ocrx_word' id='word_1_33' title='bbox 441 1656 556 1725; x_wconf 89' lang='lat' dir='ltr'>vestris</span> <span class='ocrx_word' id='word_1_34' title='bbox 570 1656 749 1727; x_wconf 86' lang='lat' dir='ltr'>utilitatibus</span> <span class='ocrx_word' id='word_1_35' title='bbox 766 1657 960 1752; x_wconf 81' lang='lat' dir='ltr'>invigilabam</span> <span class='ocrx_word' id='word_1_36' title='bbox 978 1685 984 1726; x_wconf 93' lang='lat'>:</span> <span class='ocrx_word' id='word_1_37' title='bbox 1005 1683 1139 1754; x_wconf 91' lang='lat' dir='ltr'>occupa-</span> 
     </span>
    </p>
   </div>
   <div class='ocr_carea' id='block_1_5' title="bbox 274 1788 1140 2016">
    <p class='ocr_par' dir='ltr' id='par_1_5' title="bbox 274 1788 1140 2016">
     <span class='ocr_line' id='line_1_8' title="bbox 274 1788 1136 1887; baseline 0.007 -31"><span class='ocrx_word' id='word_1_38' title='bbox 274 1811 354 1859; x_wconf 88' lang='lat' dir='ltr'>vere</span> <span class='ocrx_word' id='word_1_39' title='bbox 372 1813 477 1858; x_wconf 90' lang='lat' dir='ltr'>rerum</span> <span class='ocrx_word' id='word_1_40' title='bbox 499 1788 742 1887; x_wconf 83' lang='lat' dir='ltr'>praecedentium</span> <span class='ocrx_word' id='word_1_41' title='bbox 765 1804 888 1861; x_wconf 89' lang='lat' dir='ltr'>actuum</span> <span class='ocrx_word' id='word_1_42' title='bbox 913 1790 1136 1876; x_wconf 72' lang='lat' dir='ltr'>similitudines</span> 
     </span>
     <span class='ocr_line' id='line_1_9' title="bbox 274 1917 1140 2016; baseline 0.003 -29"><span class='ocrx_word' id='word_1_43' title='bbox 274 1917 409 1988; x_wconf 93' lang='lat' dir='ltr'>animam</span> <span class='ocrx_word' id='word_1_44' title='bbox 433 1917 599 1988; x_wconf 90' lang='lat' dir='ltr'>resolutam</span> <span class='ocrx_word' id='word_1_45' title='bbox 625 1931 656 1988; x_wconf 93' lang='lat' dir='ltr'>ct</span> <span class='ocrx_word' id='word_1_46' title='bbox 679 1918 819 2016; x_wconf 91' lang='lat' dir='ltr'>spiritum</span> <span class='ocrx_word' id='word_1_47' title='bbox 840 1919 1033 1990; x_wconf 84' lang='lat' dir='ltr'>laborantem</span> <span class='ocrx_word' id='word_1_48' title='bbox 1054 1921 1140 1991; x_wconf 89' lang='lat' dir='ltr'>veris</span> 
     </span>
    </p>
   </div>
   <div class='ocr_carea' id='block_1_6' title="bbox 274 2049 1140 2414">
    <p class='ocr_par' dir='ltr' id='par_1_6' title="bbox 274 2049 1140 2414">
     <span class='ocr_line' id='line_1_10' title="bbox 275 2049 1135 2150; baseline 0.001 -30"><span class='ocrx_word' id='word_1_49' title='bbox 275 2049 472 2146; x_wconf 88' lang='lat' dir='ltr'>passionibus</span> <span class='ocrx_word' id='word_1_50' title='bbox 502 2050 751 2147; x_wconf 87' lang='lat' dir='ltr'>phantasmatum</span> <span class='ocrx_word' id='word_1_51' title='bbox 781 2051 901 2122; x_wconf 89' lang='lat' dir='ltr'>vanitas</span> <span class='ocrx_word' id='word_1_52' title='bbox 931 2053 1135 2150; x_wconf 90' lang='lat' dir='ltr'>opprimebat.</span> 
     </span>
     <span class='ocr_line' id='line_1_11' title="bbox 274 2181 1140 2282; baseline 0.005 -31"><span class='ocrx_word' id='word_1_53' title='bbox 274 2181 350 2252; x_wconf 90' lang='lat' dir='ltr'>Dira</span> <span class='ocrx_word' id='word_1_54' title='bbox 367 2182 539 2252; x_wconf 85' lang='lat' dir='ltr'>mortalium</span> <span class='ocrx_word' id='word_1_55' title='bbox 557 2182 701 2267; x_wconf 76' lang='lat' dir='ltr'>conditio,</span> <span class='ocrx_word' id='word_1_56' title='bbox 720 2197 753 2252; x_wconf 89' lang='lat' dir='ltr'>ut</span> <span class='ocrx_word' id='word_1_57' title='bbox 770 2183 943 2254; x_wconf 90' lang='lat' dir='ltr'>abstractos</span> <span class='ocrx_word' id='word_1_58' title='bbox 961 2213 977 2254; x_wconf 95' lang='lat' dir='ltr'>a</span> <span class='ocrx_word' id='word_1_59' title='bbox 995 2211 1140 2282; x_wconf 69' lang='lat' dir='ltr'>praesen-</span> 
     </span>
     <span class='ocr_line' id='line_1_12' title="bbox 276 2315 1138 2414; baseline 0.005 -30"><span class='ocrx_word' id='word_1_60' title='bbox 276 2315 361 2384; x_wconf 90' lang='lat' dir='ltr'>tibus</span> <span class='ocrx_word' id='word_1_61' title='bbox 376 2315 470 2386; x_wconf 77' lang='lat' dir='ltr'>larvae</span> <span class='ocrx_word' id='word_1_62' title='bbox 484 2316 650 2412; x_wconf 77' lang='lat' dir='ltr'>imaginum</span> <span class='ocrx_word' id='word_1_63' title='bbox 663 2317 815 2414; x_wconf 92' lang='lat' dir='ltr'>corporali</span> <span class='ocrx_word' id='word_1_64' title='bbox 834 2318 987 2388; x_wconf 88' lang='lat' dir='ltr'>anxietate</span> <span class='ocrx_word' id='word_1_65' title='bbox 1005 2319 1138 2390; x_wconf 90' lang='lat' dir='ltr'>atrocius</span> 
     </span>
    </p>
   </div>
   <div class='ocr_carea' id='block_1_7' title="bbox 275 2446 1138 2678">
    <p class='ocr_par' dir='ltr' id='par_1_7' title="bbox 275 2446 1138 2678">
     <span class='ocr_line' id='line_1_13' title="bbox 276 2446 1138 2545; baseline 0.003 -28"><span class='ocrx_word' id='word_1_66' title='bbox 276 2446 457 2518; x_wconf 82' lang='lat' dir='ltr'>excrucient</span> <span class='ocrx_word' id='word_1_67' title='bbox 487 2449 700 2545; x_wconf 78' lang='lat' dir='ltr'>quiescentes!</span> <span class='ocrx_word' id='word_1_68' title='bbox 754 2451 928 2520; x_wconf 91' lang='lat' dir='ltr'>Laborabat</span> <span class='ocrx_word' id='word_1_69' title='bbox 949 2451 1079 2534; x_wconf 79' lang='lat' dir='ltr'>animus,</span> <span class='ocrx_word' id='word_1_70' title='bbox 1106 2465 1138 2520; x_wconf 90' lang='lat' dir='ltr'>et</span> 
     </span>
     <span class='ocr_line' id='line_1_14' title="bbox 275 2578 1138 2678; baseline 0.002 -30"><span class='ocrx_word' id='word_1_71' title='bbox 275 2579 424 2648; x_wconf 79' lang='lat' dir='ltr'>frustrato</span> <span class='ocrx_word' id='word_1_72' title='bbox 455 2578 581 2665; x_wconf 88' lang='lat' dir='ltr'>labore,</span> <span class='ocrx_word' id='word_1_73' title='bbox 615 2581 722 2650; x_wconf 89' lang='lat' dir='ltr'>turbas</span> <span class='ocrx_word' id='word_1_74' title='bbox 749 2579 995 2678; x_wconf 87' lang='lat' dir='ltr'>phantasmatum</span> <span class='ocrx_word' id='word_1_75' title='bbox 1024 2580 1138 2651; x_wconf 88' lang='lat' dir='ltr'>mentis</span> 
     </span>
    </p>
   </div>
   <div class='ocr_carea' id='block_1_8' title="bbox 275 2710 1138 3866">
    <p class='ocr_par' dir='ltr' id='par_1_8' title="bbox 275 2710 1138 3866">
     <span class='ocr_line' id='line_1_15' title="bbox 275 2710 1134 2810; baseline -0.001 -27"><span class='ocrx_word' id='word_1_76' title='bbox 275 2710 414 2783; x_wconf 89' lang='lat' dir='ltr'>contuitu</span> <span class='ocrx_word' id='word_1_77' title='bbox 431 2713 588 2810; x_wconf 86' lang='lat' dir='ltr'>expellere</span> <span class='ocrx_word' id='word_1_78' title='bbox 605 2712 771 2796; x_wconf 82' lang='lat' dir='ltr'>nitebatur,</span> <span class='ocrx_word' id='word_1_79' title='bbox 793 2712 850 2782; x_wconf 91' lang='lat' dir='ltr'>sed</span> <span class='ocrx_word' id='word_1_80' title='bbox 864 2739 935 2784; x_wconf 91' lang='lat' dir='ltr'>suas</span> <span class='ocrx_word' id='word_1_81' title='bbox 949 2712 1091 2783; x_wconf 87' lang='lat' dir='ltr'>residens</span> <span class='ocrx_word' id='word_1_82' title='bbox 1104 2713 1134 2782; x_wconf 94' lang='lat' dir='ltr'>in</span> 
     </span>
     <span class='ocr_line' id='line_1_16' title="bbox 277 2843 1137 2943; baseline 0 -29"><span class='ocrx_word' id='word_1_83' title='bbox 277 2844 452 2943; x_wconf 74' lang='lat' dir='ltr'>passiones,</span> <span class='ocrx_word' id='word_1_84' title='bbox 474 2844 585 2915; x_wconf 86' lang='lat' dir='ltr'>infesta</span> <span class='ocrx_word' id='word_1_85' title='bbox 605 2857 637 2916; x_wconf 86' lang='lat' dir='ltr'>et</span> <span class='ocrx_word' id='word_1_86' title='bbox 654 2843 802 2942; x_wconf 83' lang='lat' dir='ltr'>perplexa</span> <span class='ocrx_word' id='word_1_87' title='bbox 825 2843 1037 2942; x_wconf 87' lang='lat' dir='ltr'>phantasmata</span> <span class='ocrx_word' id='word_1_88' title='bbox 1054 2844 1137 2914; x_wconf 93' lang='lat' dir='ltr'>nullo</span> 
     </span>
     <span class='ocr_line' id='line_1_17' title="bbox 275 2976 1138 3074; baseline -0.002 -26"><span class='ocrx_word' id='word_1_89' title='bbox 275 2977 412 3073; x_wconf 85' lang='lat' dir='ltr'>abjicere</span> <span class='ocrx_word' id='word_1_90' title='bbox 429 2976 538 3072; x_wconf 81' lang='lat' dir='ltr'>vigore</span> <span class='ocrx_word' id='word_1_91' title='bbox 555 2977 755 3074; x_wconf 84' lang='lat' dir='ltr'>praevalebat.</span> <span class='ocrx_word' id='word_1_92' title='bbox 808 2976 910 3047; x_wconf 84' lang='lat' dir='ltr'>Adest</span> <span class='ocrx_word' id='word_1_93' title='bbox 927 2977 1027 3072; x_wconf 80' lang='lat' dir='ltr'>imago</span> <span class='ocrx_word' id='word_1_94' title='bbox 1043 3002 1138 3047; x_wconf 80' lang='lat' dir='ltr'>reva-</span> 
     </span>
     <span class='ocr_line' id='line_1_18' title="bbox 276 3107 1138 3206; baseline -0.002 -26"><span class='ocrx_word' id='word_1_95' title='bbox 276 3107 386 3180; x_wconf 83' lang='lat' dir='ltr'>rendae</span> <span class='ocrx_word' id='word_1_96' title='bbox 403 3109 572 3206; x_wconf 87' lang='lat' dir='ltr'>majestatis</span> <span class='ocrx_word' id='word_1_97' title='bbox 591 3121 623 3179; x_wconf 87' lang='lat' dir='ltr'>et</span> <span class='ocrx_word' id='word_1_98' title='bbox 641 3109 817 3180; x_wconf 85' lang='lat' dir='ltr'>metuendae</span> <span class='ocrx_word' id='word_1_99' title='bbox 838 3109 976 3193; x_wconf 73' lang='lat' dir='ltr'>visionis</span> <span class='ocrx_word' id='word_1_100' title='bbox 997 3109 1035 3180; x_wconf 93' lang='lat' dir='ltr'>ad</span> <span class='ocrx_word' id='word_1_101' title='bbox 1052 3111 1138 3206; x_wconf 81' lang='lat' dir='ltr'>cujus</span> 
     </span>
     <span class='ocr_line' id='line_1_19' title="bbox 276 3241 1135 3339; baseline 0.001 -29"><span class='ocrx_word' id='word_1_102' title='bbox 276 3241 455 3336; x_wconf 80' lang='lat' dir='ltr'>ingressum</span> <span class='ocrx_word' id='word_1_103' title='bbox 477 3253 539 3311; x_wconf 90' lang='lat' dir='ltr'>tota</span> <span class='ocrx_word' id='word_1_104' title='bbox 557 3241 606 3310; x_wconf 93' lang='lat' dir='ltr'>illa</span> <span class='ocrx_word' id='word_1_105' title='bbox 627 3241 876 3339; x_wconf 85' lang='lat' dir='ltr'>phantasmatum</span> <span class='ocrx_word' id='word_1_106' title='bbox 893 3243 981 3313; x_wconf 90' lang='lat' dir='ltr'>turba</span> <span class='ocrx_word' id='word_1_107' title='bbox 1003 3242 1135 3325; x_wconf 77' lang='lat' dir='ltr'>crubuit,</span> 
     </span>
     <span class='ocr_line' id='line_1_20' title="bbox 277 3372 1138 3471; baseline 0 -27"><span class='ocrx_word' id='word_1_108' title='bbox 277 3385 312 3444; x_wconf 86' lang='lat' dir='ltr'>et</span> <span class='ocrx_word' id='word_1_109' title='bbox 324 3397 427 3442; x_wconf 91' lang='lat' dir='ltr'>meum</span> <span class='ocrx_word' id='word_1_110' title='bbox 442 3397 535 3469; x_wconf 88' lang='lat' dir='ltr'>quem</span> <span class='ocrx_word' id='word_1_111' title='bbox 549 3372 713 3443; x_wconf 83' lang='lat' dir='ltr'>infestabat</span> <span class='ocrx_word' id='word_1_112' title='bbox 726 3372 866 3470; x_wconf 92' lang='lat' dir='ltr'>spiritum</span> <span class='ocrx_word' id='word_1_113' title='bbox 879 3373 1032 3470; x_wconf 91' lang='lat' dir='ltr'>inopinata</span> <span class='ocrx_word' id='word_1_114' title='bbox 1047 3399 1138 3471; x_wconf 87' lang='lat' dir='ltr'>crup-</span> 
     </span>
     <span class='ocr_line' id='line_1_21' title="bbox 276 3503 1138 3602; baseline 0 -28"><span class='ocrx_word' id='word_1_115' title='bbox 276 3505 361 3574; x_wconf 87' lang='lat' dir='ltr'>tione</span> <span class='ocrx_word' id='word_1_116' title='bbox 379 3503 552 3602; x_wconf 87' lang='lat' dir='ltr'>dereliquit.</span> <span class='ocrx_word' id='word_1_117' title='bbox 608 3507 685 3575; x_wconf 87' lang='lat' dir='ltr'>Tum</span> <span class='ocrx_word' id='word_1_118' title='bbox 704 3505 752 3575; x_wconf 92' lang='lat' dir='ltr'>illa</span> <span class='ocrx_word' id='word_1_119' title='bbox 766 3505 818 3576; x_wconf 90' lang='lat' dir='ltr'>diu</span> <span class='ocrx_word' id='word_1_120' title='bbox 838 3519 986 3575; x_wconf 88' lang='lat' dir='ltr'>cunctans</span> <span class='ocrx_word' id='word_1_121' title='bbox 1005 3519 1037 3575; x_wconf 88' lang='lat' dir='ltr'>et</span> <span class='ocrx_word' id='word_1_122' title='bbox 1055 3505 1138 3574; x_wconf 83' lang='lat' dir='ltr'>velut</span> 
     </span>
     <span class='ocr_line' id='line_1_22' title="bbox 275 3635 1136 3734; baseline 0 -28"><span class='ocrx_word' id='word_1_123' title='bbox 275 3636 334 3706; x_wconf 90' lang='lat' dir='ltr'>alia</span> <span class='ocrx_word' id='word_1_124' title='bbox 355 3649 386 3706; x_wconf 88' lang='lat' dir='ltr'>et</span> <span class='ocrx_word' id='word_1_125' title='bbox 406 3636 462 3706; x_wconf 94' lang='lat' dir='ltr'>alia</span> <span class='ocrx_word' id='word_1_126' title='bbox 480 3635 633 3734; x_wconf 90' lang='lat' dir='ltr'>prolunda</span> <span class='ocrx_word' id='word_1_127' title='bbox 652 3649 758 3706; x_wconf 88' lang='lat' dir='ltr'>mente</span> <span class='ocrx_word' id='word_1_128' title='bbox 779 3635 962 3719; x_wconf 77' lang='lat' dir='ltr'>revolvens,</span> <span class='ocrx_word' id='word_1_129' title='bbox 983 3636 1043 3706; x_wconf 90' lang='lat' dir='ltr'>tale</span> <span class='ocrx_word' id='word_1_130' title='bbox 1062 3649 1136 3706; x_wconf 93' lang='lat' dir='ltr'>tan-</span> 
     </span>
     <span class='ocr_line' id='line_1_23' title="bbox 275 3767 1133 3866; baseline -0.001 -27"><span class='ocrx_word' id='word_1_131' title='bbox 275 3769 351 3839; x_wconf 92' lang='lat' dir='ltr'>dem</span> <span class='ocrx_word' id='word_1_132' title='bbox 378 3767 537 3838; x_wconf 84' lang='lat' dir='ltr'>exordium</span> <span class='ocrx_word' id='word_1_133' title='bbox 568 3768 721 3865; x_wconf 90' lang='lat' dir='ltr'>auspicata</span> <span class='ocrx_word' id='word_1_134' title='bbox 750 3782 800 3838; x_wconf 89' lang='lat' dir='ltr'>est</span> <span class='ocrx_word' id='word_1_135' title='bbox 818 3796 824 3836; x_wconf 93' lang='lat'>:</span> <span class='ocrx_word' id='word_1_136' title='bbox 845 3770 930 3838; x_wconf 90' lang='lat' dir='ltr'>Heus</span> <span class='ocrx_word' id='word_1_137' title='bbox 956 3782 1000 3853; x_wconf 87' lang='lat' dir='ltr'>tu,</span> <span class='ocrx_word' id='word_1_138' title='bbox 1028 3769 1133 3866; x_wconf 71' lang='lat' dir='ltr'>inquit,</span> 
     </span>
    </p>
   </div>
   <div class='ocr_carea' id='block_1_9' title="bbox 274 3883 1135 3998">
    <p class='ocr_par' dir='ltr' id='par_1_9' title="bbox 274 3883 1135 3998">
     <span class='ocr_line' id='line_1_24' title="bbox 274 3883 1135 3998; baseline -0.003 -26"><span class='ocrx_word' id='word_1_139' title='bbox 274 3883 366 3998; x_wconf 84' lang='lat' dir='ltr'>cujus</span> <span class='ocrx_word' id='word_1_140' title='bbox 395 3915 426 3971; x_wconf 89' lang='lat' dir='ltr'>tc</span> <span class='ocrx_word' id='word_1_141' title='bbox 457 3900 611 3996; x_wconf 76' lang='lat' dir='ltr'>dignitatis</span> <span class='ocrx_word' id='word_1_142' title='bbox 640 3902 798 3972; x_wconf 87' lang='lat' dir='ltr'>confiteris</span> <span class='ocrx_word' id='word_1_143' title='bbox 830 3927 901 3972; x_wconf 86' lang='lat' dir='ltr'>essc</span> <span class='ocrx_word' id='word_1_144' title='bbox 928 3907 1135 3974; x_wconf 76' lang='lat' dir='ltr'>sectatorem?</span> 
     </span>
    </p>
   </div>
   <div class='ocr_carea' id='block_1_10' title="bbox 0 0 1533 5040">
    <p class='ocr_par' dir='ltr' id='par_1_10' title="bbox 0 0 1533 5040">
     <span class='ocr_line' id='line_1_25' title="bbox 0 0 1533 5040; baseline 0 0"><span class='ocrx_word' id='word_1_145' title='bbox 0 0 1533 5040; x_wconf 95' lang='lat' dir='ltr'> </span> 
     </span>
    </p>
   </div>
  </div>
 </body>
</html>
