3038 5036
433 747 545 791 onsaurt
562 746 596 791 ΒΕ
614 747 704 791 claun
723 747 870 791 nerstein.
1017 711 1084 784 l97
1173 761 1175 766 ·

227 877 501 1003 ergophilosophi
524 904 595 974 nihil
620 903 701 976 aliud
720 906 850 991 Vestam
875 900 1098 996 intelligebant,

227 1060 319 1131 quam
340 1024 507 1118 dammam,
536 1034 680 1132 eoquod
702 1035 782 1131 ignis
800 1035 890 1130 virgo
913 1047 973 1118 est,
995 1044 1027 1102 et
1049 1023 1101 1098 el·

226 1165 277 1236 illo
290 1167 371 1271 nulla
385 1167 560 1272 ..substantia
579 1169 725 1250 nascitur,
746 1167 959 1240 idcirconulla
973 1165 1003 1235 in
1022 1163 1088 1258 ey‘us

226 1297 379 1394 obsequio
390 1298 447 1368 nisi
461 1299 637 1394 virginitate
652 1299 796 1394 insignita
809 1300 987 1370 Iocabatur..
1013 1297 1089 1365 Cor-

225 1443 315 1527 rupta
329 1446 382 1502 est·
396 1431 500 1529 itaque
515 1433 605 1527 virgo
619 1460 635 1502 a
650 1433 763 1517 Marte,
780 1458 842 1520 non
854 1431 987 1526 imagine
1001 1454 1089 1497 som-

226 1562 266 1632 nii
284 1562 340 1633 sed
359 1563 503 1633 veritate.
557 1563 677 1634 Deinde
698 1564 890 1662 impregnata
906 1561 982 1631 vidit
1000 1570 1091 1628 som-'
1131 1563 1134 1570 '
1185 1651 1202 1666 Ι.

224 1694 324 1778 nium,
357 1695 440 1793 quod
474 1696 642 1766 maximum
680 1695 710 1764 in
744 1673 833 1792 ‘prole
868 1670 1087 1792 praeliguraltat
1171 1748 1174 1753 .

224 1827 435 1920 augmentum.
494 1825 585 1910 Quod
617 1825 796 1897 flammeum
815 1827 891 1922 'ejus
919 1825 958 1900 de
987 1822 1086 1920 capite

224 1957 352 2042 decidit,
380 1958 642 2052 virginitatemin
670 1945 723 2027 illa
741 1957 902 2056 deperisse
925 1955 1083 2027 nuntiavit.

223 2071 366 2162 Arbores
383 2091 555 2188 palmarum
577 2117 654 2188 quas
678 2091 810 2175 viderat,
832 2095 950 2173 Remus
968 2105 999 2184 et
1020 2093 1086 2160 Ro-

223 2223 324 2294 mulus
349 2237 455 2307 erant,
482 2225 532 2295 vel
558 2225 597 2295 illi
626 2224 687 2296 duo
712 2225 859 2322 praeolari¹
880 2228 1023 2297 Caesares
1048 2250 1086 2293 ex

224 2381 341 2451 genere
354 2357 476 2428 Romuli
494 2351 735 2456 descendentes,
754 2356 850 2453 Julius
867 2371 897 2426 et
913 2358 1083 2451 Augustus.

224 2487 315 2572 Quod
353 2489 453 2586 palma
497 2490 596 2584 major
633 2489 729 2559 altera
767 2475 949 2558 videbatur.
990 2488 1085 2558 altera

223 2619 334 2702 minor,
354 2646 416 2690 non
435 2620 502 2690 sine
520 2620 597 2690 certi
615 2620 728 2690 lactum
747 2633 796 2689 est
816 2645 907 2690 causa
926 2621 1082 2718 mysterii:
1183 2718 1186 2724 Ι

223 2752 406 2850 mysterium
435 2766 539 2823 autem
570 2779 659 2822 suum
687 2753 717 2822 in
745 2753 808 2822 suis
835 2752 926 2822 etiam
956 2751 1086 2822 inimicis

223 2911 445 2983 nonnunquam
473 2886 762 2982 Spiritus'Sanctus
784 2885 930 2956 ostendit.
984 2886 1086 2955 Palma

184 3099 188 3104 Ι
222 3016 341 3112 itaque,
376 3041 447 3114 quae
476 3013 528 3087 sui
551 3013 763 3112 magnitudine
792 3017 891 3086 coelos
919 3018 1082 3111 tangebat,

222 3146 371 3218 Romulus
387 3147 534 3230 innuitur,
553 3172 591 3216 ex
609 3148 697 3243 cujus
715 3148 839 3218 nomine
853 3125 1001 3218 Romanae
1016 3149 1085 3220 urbi

221 3302 336 3348 nomen
361 3278 490 3350 inditum
514 3279 612 3352 fuisse
630 3295 838 3365 memoratum
861 3284 959 3352 Roma
981 3294 1084 3352 autem

220 3410 314 3481 totins
331 3411 417 3498 orbis
435 3425 484 3482 est
497 3413 639 3493 Domina,
656 3413 872 3484 universarum
890 3413 1011 3484 urbium
1025 3415 1086 3484 im-

219 3543 356 3638 peratrix
380 3558 521 3639 augusta,
542 3517 612 3641 quae
630 3544 794 3614 frondibus
813 3559 845 3614 et
867 3545 972 3629 ramis⁷
992 3573 1087 3617 sano-

219 3673 259 3743 tis
278 3674 422 3746 videlicet
440 3676 601 3773 Apostolis
622 3691 653 3746 et
671 3677 861 3775 martyribus
878 3691 976 3748 totum
992 3705 1086 3748 mun-

219 3804 293 3875 dum
320 3808 547 3904 complectitur,
571 3823 602 3879 et
625 3809 785 3905 signorum
810 3809 1020 3906 magnitudine
1046 3810 1083 3880 ad

218 3937 316 4007 coelos
345 3964 445 4034 usque
470 3941 661 4012 sublimatur.
716 3942 830 4013 Palmae
855 3969 932 4012 vero
956 3943 1084 4013 minoris
