3012 5040
397 731 465 801 tlt
601 756 712 802 osunen
730 757 764 802 ns
783 758 874 802 emm
892 758 1037 803 nulsione.

520 1047 720 1116 EPISTOLA
738 1048 807 1116 XV.
820 1048 919 1118 -An
936 1050 1129 1120 Wnnnmun.

398 1225 571 1298 Carissimo
593 1229 693 1298 amieo
714 1254 770 1298 sao
793 1243 943 1326 tanquam
960 1231 1164 1307 animasum,
1182 1231 1258 1298 sin-

441 1360 551 1456 qulari
565 1374 594 1432 et
609 1361 741 1432 dimidia
757 1361 892 1432 Domina
909 1375 937 1432 et
954 1364 1053 1432 amieo
1081 1362 1255 1464 Willerma,

442 1492 541 1588 frater
560 1493 707 1566 Osbertns
723 1493 760 1564 ele
780 1493 891 1573 Clara,
908 1497 953 1565 sic
971 1509 1088 1566 temam
1103 1496 1212 1592 spinas
1228 1511 1259 1566 et

443 1626 570 1697 tribulas
587 1629 814 1724 qermiuantem
835 1626 964 1698 odienda
982 1627 1144 1725 despicere,
1167 1643 1201 1697 nt
1219 1630 1256 1698 in

444 1775 527 1830 terra
542 1761 709 1830 uiuentium
734 1757 913 1856 felicitatem
935 1774 1089 1831 mereatur
1106 1774 1256 1831 aternam

437 1895 512 1988 jure
529 1891 727 1962 hereditaria
738 1891 907 1989 possidere.

443 2111 494 2183 Ad
508 2136 628 2184 coenam
646 2112 820 2210 nuptiarum
837 2111 906 2207 ugni
921 2111 1040 2182 eoelesti
1055 2111 1150 2208 gratia
1168 2111 1255 2181 invi-

393 2257 473 2328 tato,
497 2243 594 2327 viam,
618 2243 833 2328 dilectissime,
858 2269 916 2342 per
943 2269 1035 2342 quam
1060 2243 1098 2313 ad
1121 2242 1256 2313 eandem

393 2375 571 2472 pertingas,
607 2374 659 2444 tibi
694 2375 820 2472 opponit
854 2373 936 2446 idem
969 2374 1145 2470 unigenitus
1174 2372 1256 2444 lilius

393 2508 547 2591 Dei;etc
551 2564 1058 2576 .........
1245 2566 1250 2576 .
1350 2527 1354 2534 ’

392 2641 473 2712 Audi
497 2641 654 2736 gentilem,
670 2639 817 2718 ,ausculta
836 2653 969 2737 poetam.
1023 2640 1115 2724 Quid,
1139 2641 1252 2738 inquis,

282 2769 332 2788 '¹
393 2775 461 2845 ait:

459 2924 507 2982 Qui
521 2934 573 2973 non
587 2927 626 2974 est
639 2923 725 2983 hodie,
738 2935 796 2973 eras
809 2923 895 2974 minus
906 2929 984 2986 aptus
996 2923 1056 2974 erit.

428 3231 747 3242 ......
802 3172 880 3244 Huic
899 3173 1002 3244 bonus
1012 3171 1063 3243 ille
1086 3172 1256 3243 instructor

393 3328 515 3372 morum
525 3305 656 3386 Seneca,
667 3301 837 3372 Dominieae
849 3301 1013 3372 sententiae
1027 3313 1171 3398 tanquam
1180 3327 1256 3372 eon-

358 3483 368 3497 ·
393 3433 526 3508 sordens
555 3463 561 3504 ε
589 3434 682 3518 Nulli,
710 3433 817 3531 inquit,
840 3445 944 3531 potest
963 3459 1071 3504 secure
1091 3434 1152 3504 vita
1174 3459 1257 3505 eon-

393 3567 531 3662 tingere,
560 3566 611 3664 qni
636 3565 676 3636 de
705 3563 903 3662 producenda
933 3563 1024 3642 nimis
1048 3563 1178 3659 cogitat,
1204 3565 1256 3661 qui

394 3699 475 3769 inter
492 3724 602 3793 magna
618 3699 700 3768 bana
714 3696 828 3767 multos
840 3695 985 3768 consules
998 3709 1148 3768 numerat.
1190 3697 1259 3766 Hae

393 3828 528 3928 quotidie
549 3829 717 3911 meditare,
744 3840 778 3898 ut
800 3829 902 3926 possis
923 3853 1014 3926 aequo
1037 3829 1140 3898 animo
1163 3828 1258 3899 vitam

392 3961 586 4058 relinquere3
615 3962 702 4056 eujus
723 3985 813 4031 eusus
832 3973 863 4030 et
886 3959 1040 4029 infortunii
1060 3959 1185 4030 Publius
1206 3959 1256 4029 ille
