3012 5040
426 759 562 804 urrsronn
581 758 714 804 nunnumr
734 759 867 805 cosmon.
1034 739 1071 804 84

215 920 301 990 baris
318 945 408 1016 pane,
430 934 463 990 et
480 918 684 990 inebriebaris
700 918 773 989 vino
793 918 963 992 divinarum
978 919 1081 1016 scrip-

219 1061 369 1133 turarum,
389 1051 599 1149 speculatione
617 1064 669 1122 tuo
683 1050 899 1122 reformandus
917 1052 1077 1122 Salvatori.

217 1181 282 1251 lsta
291 1181 463 1278 negligens
474 1181 512 1251 ad
521 1181 753 1276 grammaticam
767 1182 965 1266 descendisti,
979 1209 1080 1279 gram-

220 1311 348 1390 maticis,
363 1325 396 1382 ut
408 1312 549 1394 decebat,
561 1311 689 1410 cupiens
704 1312 812 1383 instrui
825 1314 956 1408 regulis3
972 1313 1080 1386 lauda-

220 1445 281 1516 bile
299 1446 444 1530 studium,
465 1447 490 1517 si
514 1447 544 1516 in
569 1446 729 1545 proposito
753 1471 1002 1545 perseverassem
1023 1449 1080 1519 sed

220 1577 313 1650 totius
329 1591 445 1649 nostrae
463 1578 573 1649 domus
591 1578 760 1650 fatuitatum
774 1579 906 1677 scriptor
920 1579 1018 1652 laetus
1031 1604 1077 1664 eS,

220 1725 253 1780 et
271 1711 355 1783 velut
373 1711 403 1782 in
421 1711 573 1782 sentinam
595 1711 695 1781 omnis
713 1709 906 1808 impudicitiae
923 1711 1021 1796 navis
1039 1713 1079 1783 ita

219 1843 249 1912 in
271 1856 302 1913 te
320 1843 456 1914 omnium
473 1843 628 1914 fatuorum
645 1842 791 1940 opuscula
812 1843 980 1916 conlluunt.
1033 1846 1080 1914 Tu

219 1975 437 2070 martirologio,
459 1989 492 2046 tu
510 1974 665 2073 psalteria,
686 1988 719 2045 tu
737 1974 932 2060 breviariola‚
952 1989 985 2047 tu
1005 2001 1079 2046 om-

219 2106 302 2177 nium
320 2108 430 2178 furtiva
452 2107 564 2206 scripta
581 2106 753 2205 componis
806 2108 871 2178 Hae
892 2120 953 2178 tuae
969 2105 1080 2178 indolis

219 2237 381 2309 inclinatur
402 2252 562 2336 expectata
589 2237 760 2320 maturitas,
787 2250 820 2306 ut
840 2236 911 2308 nihil
933 2237 1026 2308 facias
1050 2239 1079 2308 in

219 2367 313 2439 domo
330 2382 436 2440 nostra
452 2370 507 2440 nisi
522 2369 604 2467 quod
618 2395 680 2440 non
694 2369 752 2438 erit
763 2368 946 2439 faciendum.
999 2368 1079 2439 Audi

219 2501 380 2572 consilium
393 2502 488 2600 patris
501 2503 555 2586 tui,
572 2516 603 2572 et
614 2501 769 2600 prioribus
783 2525 936 2571 renovare
950 2499 1077 2570 studiis:

219 2649 272 2705 aut
288 2635 390 2706 scribe
407 2635 625 2730 Augustinum,
645 2648 697 2704 aut
719 2647 802 2704 tuam
819 2633 904 2704 disce
923 2659 1081 2728 gramma-

220 2769 323 2854 ticam,
342 2769 485 2867 quoniam
503 2769 554 2866 qui
571 2769 714 2840 omnibus
733 2767 849 2866 appetit
866 2767 1001 2866 placere,
1021 2793 1079 2839 ne-

220 2899 293 2970 mini
316 2900 426 2998 placet.
479 2901 559 2971 Ama
582 2900 751 2984 Christum,
776 2914 807 2970 et
827 2900 856 2968 in
875 2901 942 2996 ejus
962 2899 1080 2971 confir-

220 3057 306 3104 mare
322 3034 464 3119 veritate,
484 3059 540 3105 eos
558 3035 642 3106 velut
663 3048 827 3132 serpentes
840 3034 960 3106 evitans
978 3035 1029 3132 qui
1049 3049 1080 3106 te

220 3191 237 3235 a
257 3163 378 3236 Christo
394 3166 527 3236 avellere
545 3166 719 3237 moliuntur.

340 3365 540 3436 EPISTOLA
564 3367 659 3435 XLV.
682 3410 729 3417 —
747 3366 794 3437 An
818 3367 959 3436 Jonnnuu.

503 3533 670 3602 Hnmnnuus
687 3533 799 3601 Jonmu.

271 3695 446 3765 Herbertus
467 3719 540 3764 suus
556 3695 662 3764 loanni
683 3665 749 3777 suoi,
776 3693 917 3764 salutem.
971 3695 1034 3764 Tua
1052 3695 1082 3764 in

223 3826 362 3922 epistola,
377 3828 523 3911 loannes,
538 3827 608 3896 milri
624 3827 735 3897 multas
745 3827 858 3921 gratias
869 3825 945 3920 agiS,
959 3827 1043 3896 velut
1053 3828 1083 3895 in

222 3982 283 4052 quo
300 3957 403 4028 multae
423 3959 483 4027 sint
503 3959 626 4052 gratiae:
644 3957 699 4028 sed
718 3958 777 4028 tuis
792 3957 955 4055 preconiis
972 3983 1082 4026 munus

957 4090 978 4136 n
