3038 5036
422 711 491 778 [228
541 733 642 778 onnam
661 733 767 776 aaronis
783 729 998 776 om'rmmrnsrs
1017 729 1161 774 sorssors.

421 891 502 988 quod
525 891 656 962 dulciter
673 888 847 971 ostenditis
872 914 965 985 quum
987 913 1043 984 per
1060 888 1183 958 nuntios
1204 912 1281 956 ves-

420 1037 486 1092 tros
499 1021 538 1092 de
552 1036 660 1093 nostro
678 1045 750 1092 esse
764 1020 925 1117 requirere
944 1019 1085 1090 studetis.
1137 1017 1282 1089 Breviter

421 1154 512 1249 igitur
523 1153 562 1224 de
572 1167 679 1224 nostro
691 1179 764 1224 esse
777 1151 966 1250 respondeo,
980 1153 1048 1250 quia
1059 1177 1179 1222 mecum
1190 1151 1281 1221 valde

421 1285 502 1356 bene
520 1300 581 1370 est,
603 1287 628 1356 si
646 1312 702 1356 vos
720 1286 808 1356 statis
828 1286 857 1356 in
877 1285 1018 1356 Domino.
1072 1287 1151 1356 Nam
1171 1284 1194 1352 si
1216 1284 1280 1353 bo-

421 1418 500 1487 nitas
528 1431 559 1487 et
584 1415 755 1488 Christiana
785 1417 910 1488 devotio
939 1419 969 1488 in
1002 1417 1140 1487 moribus
1166 1416 1280 1485 vestris

419 1549 542 1631 crescit,
563 1575 683 1620 summo
701 1548 812 1644 gaudio
825 1549 864 1619 de
882 1549 970 1620 vobis
987 1549 1085 1619 anima
1103 1574 1171 1618 mea
1190 1548 1281 1618 exol-

421 1694 474 1750 tat.
527 1679 689 1750 Profectus
701 1679 783 1749 enim
796 1693 904 1750 vester
917 1692 978 1750 tam
993 1705 1097 1750 coram
1111 1682 1177 1749 Deo
1188 1705 1280 1776 quam

421 1837 524 1882 coram
544 1811 732 1895 hominibus
755 1812 911 1910 praecipua
934 1811 1007 1882 mihi
1025 1811 1215 1910 prosperitas
1232 1825 1282 1880 est

421 1958 452 2014 et
466 1943 598 2039 jocunda
617 1943 731 2014 laetitia.
785 1945 871 2014 Bene
893 1945 994 2041 itaque
1013 1969 1116 2013 meum
1135 1943 1281 2040 estquis

421 2074 653 2144 dilectissimum
672 2099 774 2144 meum
797 2075 961 2170 Hogonem
980 2099 1132 2172 prospere
1154 2086 1186 2143 et
1207 2072 1283 2142 reli-

422 2206 508 2300 giose
534 2231 568 2275 se
591 2205 707 2276 habere
734 2204 908 2275 desiderata
937 2205 982 2274 soi
1011 2207 1106 2275 nuntii
1133 2204 1280 2274 relatione

420 2339 560 2434 cognovi.
614 2340 703 2434 Rogo
721 2339 822 2434 igitur,
845 2337 1034 2420 dolcissime,
1052 2352 1084 2407 et
1102 2363 1214 2408 moneo
1231 2335 1282 2407 di-

421 2471 619 2542 lectissimam
641 2470 712 2540 mihi
734 2471 866 2540 animam
885 2483 1036 2554 vestram,
1056 2485 1087 2540 ot
1107 2471 1151 2540 sic
1169 2468 1282 2540 Chris-

422 2603 503 2674 tiane
521 2603 642 2686 vivatis,
663 2629 724 2700 quo
747 2603 813 2672 sine
835 2601 895 2672 fine
914 2629 983 2672 com
1003 2602 1126 2673 Christo
1149 2628 1282 2696 regnare

423 2734 557 2832 possitis.
602 2736 710 2806 Ponite
725 2760 852 2832 semper
864 2750 935 2804 ante
950 2735 1056 2806 oculos
1067 2735 1170 2806 cordis
1184 2733 1282 2804 vestri

423 2868 539 2938 exitum
553 2882 693 2938 vestrum
710 2867 749 2939 de
767 2867 825 2940 hac
840 2869 913 2954 vita,
934 2868 1042 2964 gandia
1056 2882 1231 2939 sanctorum
1250 2881 1283 2938 et

424 3025 533 3097 poenas
554 2998 728 3098 impiorum,
752 3015 784 3070 ut
802 2999 926 3096 quando
944 3000 984 3070 de
1002 2999 1061 3070 lroc
1077 3000 1193 3070 mondo
1214 3000 1284 3068 exi-

424 3132 507 3216 bitis,
525 3132 706 3202 amalorom
725 3133 872 3204 societate
891 3133 1036 3229 disjungi,
1056 3146 1085 3202 et
1105 3145 1282 3203 sanctorum

423 3261 526 3332 choris
539 3261 569 3331 in
582 3262 700 3332 coelesti
717 3262 814 3360 patria
827 3262 954 3332 valeatis
966 3263 1120 3359 conjungi.
1174 3265 1283 3332 Estote

426 3393 566 3463 solatium
579 3419 760 3492 pauperum,
777 3393 918 3465 defensio
928 3394 1123 3492 pupillorum,
1136 3396 1287 3491 protectio

426 3527 601 3611 vidoarum;
635 3526 874 3625 hospitalitatem
903 3527 1034 3623 diligite,
1070 3527 1286 3625 eleemosynas

426 3670 567 3752 erogate,
591 3657 731 3727 ecclesiae
748 3657 851 3728 limina
872 3657 1080 3754 frequentate,
1101 3683 1211 3726 servos
1228 3658 1286 3726 Dei

428 3790 554 3885 diligite,
574 3803 607 3860 ut
625 3791 796 3860 orationum
817 3791 936 3860 illorum
954 3791 1107 3888 particeps
1121 3816 1193 3860 esse
1209 3817 1287 3888 pos-

427 3923 502 3992 sitis.
532 3924 634 4020 Super
653 3923 752 3994 omnia
768 3925 919 3994 sinceram
934 3923 1114 3994 charitatem
1132 3949 1206 4018 erga
1220 3949 1287 3993 om·
1362 3915 1369 3932 ⁹
