3012 5040
493 651 502 680 X

467 731 604 778 nrrsronn
619 731 753 776 annonari
770 731 904 778 insinua.
952 725 956 734 '
1072 707 1117 780 67

253 889 347 960 nietis
363 915 418 960 eos
435 917 497 962 non
516 905 676 964 musarum
689 905 792 977 cantu,
810 892 867 963 sed
881 892 1021 963 veritatis
1033 891 1121 962 intel-

254 1022 339 1093 lectu
367 1036 506 1094 sanctam
536 1023 708 1096 illustrasse
735 1024 908 1096 ecclesiam.
968 1025 1058 1096 Unde
1091 1039 1123 1096 et

256 1166 364 1225 nostra
377 1155 471 1252 optio,
486 1155 676 1226 dilectissimi
690 1155 753 1242 Iilii3
771 1169 887 1228 vestrae
902 1156 1121 1255 importunitati

258 1287 422 1360 manifesta
444 1289 483 1359 sit
499 1289 582 1387 quod
601 1303 727 1362 nostros
748 1317 896 1363 numeros
914 1291 1043 1364 ulterius
1060 1318 1122 1363 non

258 1419 420 1506 videbitis,
441 1420 497 1491 sed
519 1447 557 1491 ex
583 1422 699 1493 nostris
719 1423 975 1521 responsionibus
1000 1424 1124 1495 divin'o-

260 1579 330 1624 rum
352 1553 459 1650 pocula
480 1552 623 1624 fictilibus
644 1553 792 1626 haurietis
815 1555 908 1625 vasis.
961 1558 1123 1627 Portemus

261 1684 344 1757 enim
363 1674 544 1756 Christianae
563 1685 722 1783 sapientiae
741 1686 915 1772 thesauros,
931 1713 993 1758 non
1011 1688 1041 1758 in
1060 1689 1122 1787 tipo

263 1817 403 1888 sublimis
416 1818 611 1916 eloquentiae,
624 1820 681 1892 sed
695 1821 725 1891 in
739 1821 870 1919 puritate
879 1821 1078 1893 conscientiae
1091 1836 1123 1894 et

262 1948 410 2045 religione
429 1976 551 2021 morum
569 1937 819 2023 et'sanctimonia
837 1953 949 2024 carnis.

262 2203 464 2274 IIPISTOLA
481 2203 629 2273 XXXIII.
646 2247 694 2256 -
708 2202 755 2274 An
771 2206 927 2276 Roonnron
946 2231 1075 2277 rnaruuu
1091 2231 1124 2276 rr

640 2344 745 2390 FILIUM.

316 2537 483 2606 Hismarus
499 2560 644 2606 nrrsoorus
663 2536 798 2606 Rosrnro
817 2559 916 2604 rnanu
938 2560 971 2604 rr
990 2561 1073 2605 uuo

312 2735 358 2821 Te
373 2717 590 2805 immemorem
603 2733 736 2831 antiqoae
750 2733 964 2804 familiaritatis
982 2747 1013 2804 et
1030 2733 1124 2804 dilec-

264 2867 357 2938 tionis
369 2882 497 2951 nostrae,
514 2892 574 2962 ego
591 2865 761 2936 earundem
775 2891 908 2950 memor,
928 2865 1028 2962 dignis
1044 2892 1125 2964 que-

266 2999 404 3070 rimoniis
420 3011 531 3071 accuso
549 3013 580 3070 et
600 2999 776 3098 patentibus
793 2999 911 3070 indiciis
930 2997 1125 3096 condempno

267 3159 361 3232 qucm
387 3133 540 3204 nullorum
567 3131 796 3203 advenientium
822 3133 936 3204 salutas
960 3157 1124 3218 sermone,

267 3265 418 3337 nullarum
430 3265 600 3336 litterarum
613 3263 735 3334 relevas
749 3264 933 3334 visitatione.
976 3263 1046 3334 Soio
1062 3263 1127 3360 qui-

268 3399 340 3470 dem
358 3398 439 3469 hanc
456 3397 499 3470 tui
520 3397 617 3468 moris
637 3421 677 3468 ex
698 3397 823 3494 antiquo
841 3395 936 3467 luisse
956 3408 1126 3466 consuetu-

269 3533 391 3617 dinem,
419 3546 453 3602 ut
480 3531 569 3602 novis
596 3531 735 3602 amicitiis
767 3555 894 3628 semper
914 3529 1067 3624 gaudeas⁷
1096 3542 1128 3598 et

267 3677 411 3735 veterum
443 3661 643 3734 amicitiarum
676 3661 845 3732 obliviosus
872 3659 997 3730 existas.
1059 3659 1129 3730 Fuit

267 3798 327 3868 noo
340 3797 499 3868 tolerabile
515 3796 546 3866 n
559 3769 727 3866 monum
739 3794 878 3893 puerum
892 3805 924 3864 a
943 3791 1129 3864 adolescen-

269 3930 322 4001 tiae
346 3942 423 4012 tuae3
448 3929 504 4001 sed
524 3931 588 4026 jam
615 3928 752 4000 evadens
772 3928 803 3998 in
824 3925 994 4024 juventutis
1020 3925 1126 4008 robur,
