3012 5040
424 748 492 818 tto
629 771 741 818 osmari
759 773 793 818 ou
813 773 904 818 cmm
923 773 1070 818 rrrsrone.

422 928 508 999 dere.
562 927 703 1024 Suspirat
721 926 851 1024 proinde
864 951 954 998 mens
972 953 1051 1009 mea,
1073 941 1104 999 et
1121 955 1194 999 caro
1216 953 1286 999 mea

422 1060 627 1131 vehementer
649 1059 805 1155 affligitur,
826 1059 969 1158 quoniam
997 1075 1028 1132 et
1049 1061 1099 1131 diu
1116 1062 1208 1133 abest
1227 1087 1287 1159 pro

424 1217 485 1292 quo
507 1193 650 1288 langueo,
673 1206 704 1263 et
718 1192 821 1262 nescis
843 1193 910 1289 ejus
932 1193 1064 1264 reditum
1086 1218 1178 1292 quem
1200 1192 1289 1263 desi-

425 1324 512 1396 dero.
566 1322 697 1406 Redeat,
721 1323 857 1420 inquam,
882 1321 1006 1406 redeat,
1031 1348 1090 1394 nec
1110 1348 1215 1392 moras
1236 1323 1288 1392 in-

425 1469 545 1538 nectat,
574 1469 606 1525 et
630 1454 798 1525 orientales
826 1453 949 1550 Anglos
979 1454 1197 1552 splendoribus
1223 1455 1288 1524 suis

425 1604 570 1687 tanquam
588 1588 634 1658 sol
653 1613 753 1658 novus
774 1587 911 1665 irradiet,
931 1587 1071 1686 filiosque
1089 1614 1163 1658 suos
1182 1588 1212 1658 in
1227 1586 1288 1658 de-

427 1721 576 1792 solatione
594 1733 626 1790 et
647 1719 768 1789 tristitia
786 1717 954 1789 derelictos
971 1719 1149 1789 visitaturus
1170 1718 1288 1790 accele-

428 1867 486 1923 ret.
541 1853 653 1922 Plateae
668 1864 908 1922 consternentur
926 1851 1081 1946 tapetibus
1097 1851 1236 1948 AEgypti
1258 1866 1289 1921 et

428 1985 476 2054 via
494 2008 551 2081 per
571 2007 662 2078 quam
681 1982 814 2052 transies
833 1980 992 2052 frondibus
1009 1981 1174 2063 olivarum;
1199 1981 1290 2052 holo-

430 2115 537 2184 sericis
552 2115 625 2212 'l'yri
645 2114 785 2183 vestibus
802 2113 940 2184 indueris
953 2127 984 2182 et
1000 2111 1205 2183 circumdabis
1220 2140 1290 2210 pur-

431 2274 524 2346 puras
553 2247 686 2318 Sidonis.
746 2247 833 2316 Auro
862 2260 893 2315 et
926 2260 1056 2339 argento
1087 2244 1198 2315 domus
1229 2259 1290 2316 ture

432 2380 688 2479 resplendebunt,
715 2379 830 2477 tibique
853 2378 971 2476 lapides
994 2378 1121 2476 pretiosi
1143 2377 1292 2448 deleren-

432 2528 492 2585 tur.
544 2515 616 2584 Non
629 2512 825 2607 negabuntur
836 2511 978 2582 manibus
990 2511 1051 2580 tuis
1064 2509 1182 2580 deliciae
1196 2511 1291 2580 Asca-

432 2647 522 2731 lonis‚
539 2648 652 2744 quaein
666 2645 762 2718 corde
776 2645 870 2716 maris
886 2645 954 2726 sita,
970 2643 1112 2714 diversas
1125 2669 1182 2741 per
1196 2669 1293 2739 regna

434 2806 526 2876 gazas
542 2777 731 2850 transmittit.
770 2777 857 2847 Ebur
870 2776 1027 2873 antiquum
1040 2790 1072 2846 et
1085 2775 1208 2846 metalla
1223 2775 1292 2846 sin-

435 2914 503 3010 gula
525 2941 580 2985 sua
603 2912 656 2983 tibi
682 2910 838 2981 Britannia
862 2909 1057 2980 ministrabit.
1110 2911 1181 2979 Non
1199 2908 1294 2980 habet

434 3049 484 3119 illa
506 3045 671 3118 materialis
691 3042 833 3141 Babylon
853 3043 971 3113 varium
988 3042 1149 3141 quicquam
1166 3055 1218 3112 aut
1234 3041 1293 3112 de-

436 3179 577 3250 lectabile
606 3176 687 3275 quod
711 3201 772 3246 non
796 3188 942 3273 appareat
961 3175 1057 3246 oculis
1079 3175 1148 3247 tuis.
1203 3175 1293 3245 Salo-

436 3309 686 3392 monitorum,
711 3331 804 3402 quem
827 3299 936 3401 diligis,
959 3305 1006 3375 cui
1028 3305 1223 3403 obsequeris,
1241 3281 1296 3376 au

439 3468 570 3539 regnum
592 3467 680 3511 suum
703 3439 869 3536 delegavit,
896 3451 928 3508 et
949 3451 1094 3536 tanquam
1116 3436 1195 3508 alter
1215 3437 1297 3508 Mel-

438 3571 604 3647 chisedech
625 3570 795 3643 sacerdotis
817 3583 849 3641 et
872 3570 958 3666 regis
980 3594 1093 3640 corona
1115 3569 1292 3666 praelulges.

440 3704 521 3776 Nihil
546 3715 596 3774 est
616 3701 778 3800 pulchrum
795 3701 875 3786 visu,
901 3713 952 3771 aut
977 3701 1072 3772 oculis
1100 3699 1293 3784 delectabile,

440 3833 522 3933 quod
536 3834 565 3904 in
579 3845 663 3903 terra
676 3831 838 3929 requirere
850 3829 959 3902 deceat
968 3829 1076 3902 aliena.
1130 3831 1209 3904 Redi
1222 3857 1296 3927 ergo

442 3964 629 4064 adpatriam.
652 3966 696 4035 Te
707 3989 816 4034 omnes
828 3963 1028 4060 suspiramus,
1042 3977 1073 4034 te
1084 3977 1293 4060 expectamus,
