3038 5036
444 747 557 793 osnunn
575 747 610 792 ns
631 747 721 793 aaran
739 747 885 792 nusrona.
1027 721 1095 794 tot

232 927 306 972 nere
321 929 377 1000 pro
393 902 454 974 fide
470 903 604 974 ferventi
622 903 780 974 miseratio
796 903 897 974 divina
911 904 1093 988 contulerat,

232 1035 345 1128 gratias
367 1061 465 1131 agens
483 1037 551 1105 Deo
575 1047 746 1132 sanctoque
764 1034 831 1105 viro
849 1035 971 1106 Domini
988 1035 1095 1106 laudes

231 1167 394 1260 Anselmo,
406 1166 587 1238 thesaurum
598 1167 773 1265 specialiter
787 1167 843 1238 sibi
857 1167 1002 1240 dilectum
1013 1181 1096 1238 utra-

232 1323 292 1395 que
315 1325 406 1370 manu
431 1311 588 1397 reportat3
621 1299 768 1397 imprimit
792 1299 895 1370 oscula
919 1300 985 1370 vasi
1012 1300 1094 1396 qaod

232 1428 338 1524 diligit,
353 1443 385 1500 et
399 1443 544 1528 tanquam
559 1430 713 1528 pretiosas
726 1431 782 1500 viri
796 1431 853 1500 Dei
867 1431 1011 1528 reliquias
1024 1429 1095 1500 dili-

234 1574 347 1655 genter
371 1561 513 1632 recondit
518 1619 1088 1630 ..........

342 1798 543 1870 EPISTOLA
564 1800 683 1868 XXIX.
699 1843 747 1850 -
760 1799 808 1869 Aa
829 1801 978 1869 Caenina.

233 1979 381 2052 Osbertas
397 1981 434 2051 de
449 1980 560 2062 Clara,
580 2006 686 2052 aeroas
701 1982 835 2052 ecelesiae
851 1983 912 2052 Dei
927 1984 1095 2079 insipaitas

280 2112 453 2183 charactere
468 2113 541 2182 Jesa
563 2112 695 2192 Christi,
711 2112 838 2183 Cecilira
859 2116 943 2210 nepti
958 2139 1023 2183 sace
1039 2113 1095 2182 di—

282 2245 469 2324 lectissirnaa,
497 2247 578 2316 inter
603 2246 691 2343 filias
713 2245 912 2315 Hierusalem
935 2245 979 2315 ad
1000 2245 1092 2315 beata>
1145 2263 1147 2268 '

278 2377 406 2446 visionis
423 2376 484 2445 Dei
495 2377 670 2473 pertiaperc
687 2375 981 2472 contemplationem.

281 2609 451 2690 Memento,
468 2607 527 2679 filia
546 2609 632 2694 Sion,
653 2609 737 2706 quod
756 2634 889 2706 sponsus
907 2609 956 2678 ille
977 2610 1092 2679 coeles-

230 2741 281 2824 tis,
301 2753 351 2810 etc
355 2798 612 2809 .....
665 2743 729 2812 Ora
743 2741 836 2838 igitur
848 2754 1007 2812 auctorem
1019 2742 1090 2812 vitai

230 2873 397 2957 Christum,
425 2888 460 2944 ut
483 2875 673 2946 castimoniae
696 2890 757 2946 tuae
781 2875 943 2946 custodem
964 2875 1092 2974 deputet

230 3009 355 3078 beatum
366 3021 536 3106 martyrem
550 3010 760 3093 Laurentium,
777 3022 826 3079 etc
831 3067 1085 3078 .....

231 3140 352 3211 Accidit
374 3139 404 3210 in
425 3139 555 3238 quadam
576 3141 643 3236 ejus
662 3140 793 3212 ecclesia
811 3143 920 3212 Romae
943 3167 995 3213 res
1015 3143 1090 3212 mira

232 3287 264 3344 et
285 3274 400 3344 nostris
424 3275 620 3371 temporibus
646 3273 686 3343 de
709 3273 775 3344 aliis
802 3275 916 3345 sanctis
944 3275 1088 3359 inaudita,

231 3432 323 3504 quam
334 3406 470 3502 diligenti
482 3405 804 3477 sollieitudinementis
814 3407 1093 3506 tuaestudiisopor—

233 3551 277 3609 tet
293 3552 327 3609 ut
343 3538 511 3636 imprimaS,
532 3551 564 3608 et
576 3537 655 3608 hanc
667 3538 894 3609 communicare
909 3538 1092 3633 virginitatis

232 3685 293 3742 tuae
315 3671 493 3743 concivibus
518 3696 581 3740 non
605 3670 738 3741 omittas.
792 3669 936 3742 AEdituus
957 3697 1090 3770 namque

232 3804 322 3874 nimis
345 3803 532 3887 tardaverat,
556 3803 654 3901 aliqua
676 3816 779 3889 nocte,
797 3791 835 3874 ad
853 3830 957 3874 sacras
972 3805 1092 3900 vigilias

230 3937 342 4006 fratres
364 3936 510 4018 excitare,
532 3961 648 4033 suoque
665 3935 795 4031 vigilans
814 3937 936 4031 jacebat
953 3936 983 4006 in
1001 3937 1091 4006 cubi-
