3012 5040
407 671 451 736 88
616 695 751 740 rrisrorn
765 694 898 740 annonari
914 696 1046 742 insinua.
1169 695 1173 700 ·

405 851 546 922 invenies
567 853 729 950 quinariis;
749 853 904 924 debueras
923 854 1033 924 saltem
1053 853 1174 924 misisse
1196 867 1267 925 tre-

405 983 507 1054 decim
527 998 654 1083 propter
676 985 868 1057 Salvatorem
891 1000 923 1056 et
944 985 1125 1084 Apostolos
1149 987 1199 1058 vel
1217 987 1264 1058 vi-

406 1117 480 1211 ginti
500 1131 631 1214 quatuor
647 1133 775 1216 propter
790 1118 858 1190 illos
875 1118 1069 1216 Apocalipsis
1087 1131 1262 1204 senatores

406 1259 458 1318 aut
483 1263 608 1320 centum
628 1248 847 1346 quinquaginta
871 1249 928 1319 tria
956 1261 1084 1347 propter
1104 1249 1266 1345 Evangelii

406 1379 564 1478 piscinam,
580 1380 630 1451 vel
643 1380 777 1452 maxime
793 1382 933 1452 CXLllll
945 1380 1026 1452 milia
1040 1393 1168 1480 propter
1182 1407 1265 1452 mar—

405 1526 509 1611 tyrum
546 1512 737 1584 infinitatem.
803 1515 869 1584 Hac
904 1539 1023 1584 summa
1059 1526 1109 1584 tua
1143 1512 1264 1610 flagra-

406 1660 455 1717 ret
479 1646 592 1718 oblatio
621 1659 653 1716 et
678 1645 826 1717 mittentis
850 1645 965 1741 gratias
991 1669 1088 1716 cornu
1115 1659 1264 1717 vernaret

406 1778 611 1850 abundantiae.
665 1779 886 1849 Verumtamen
904 1792 953 1848 tua
972 1777 1045 1848 mibi
1063 1777 1264 1850 attenduntur

408 1911 516 1982 exenia
528 1912 594 2005 (sic)
606 1936 667 1980 non
681 1909 848 2008 quantitate
862 1909 941 1994 dart*
951 1909 1007 1981 sed
1023 1910 1135 1982 affectu
1147 1909 1263 1982 donan-

407 2043 457 2128 tis,
484 2043 534 2140 qui
553 2054 670 2114 tantum
688 2040 774 2111 dedit
793 2055 941 2138 quantum
958 2040 1074 2113 babere
1097 2042 1210 2139 potuit;
1230 2042 1261 2112 in

406 2173 516 2246 dandis
535 2174 617 2245 enim
637 2172 881 2271 recipiendisque
898 2172 1089 2258 muneribus,
1108 2199 1170 2244 non
1186 2201 1262 2245 mu-

407 2331 516 2378 nerum
551 2306 705 2404 quantitas
731 2304 787 2376 sed
811 2304 984 2376 animorum
1014 2305 1143 2402 qualitas
1170 2305 1263 2377 colli-

407 2438 508 2536 genda
530 2453 588 2510 est.
642 2439 705 2511 Ibis
722 2439 814 2534 igitur
841 2451 874 2508 et
895 2462 1021 2536 aequora
1047 2439 1263 2511 transfretabis

406 2597 546 2657 secums
561 2571 651 2644 officii
668 2570 765 2642 nostri
778 2570 959 2642 auctoritate
977 2571 1136 2642 absolutus
1146 2572 1185 2643 ab
1198 2597 1264 2642 om-

406 2704 497 2775 nibus
515 2704 650 2802 peccatis
668 2703 728 2774 tuis
747 2703 787 2774 de
808 2703 919 2800 quibus
937 2702 1165 2774 consessionem
1182 2703 1264 2774 lece-

405 2836 460 2921 riS,
476 2848 507 2906 et
519 2863 535 2906 a
549 2835 661 2933 quibus
673 2833 821 2933 deinceps
833 2833 991 2905 abstinere
1004 2834 1149 2906 volueris.
1202 2837 1263 2906 Re-

405 2967 585 3040 cordaberis
609 2968 706 3040 nostri
729 2984 761 3039 et
785 2992 862 3064 ages
879 2993 1002 3039 oausam
1025 2981 1164 3039 nostram
1182 2967 1263 3066 apud

405 3101 525 3194 Regem
536 3100 741 3196 Angelorum,
753 3113 785 3170 et
798 3125 858 3195 ego
871 3099 913 3170 tui
927 3098 1116 3170 recordabor
1128 3112 1160 3170 et
1172 3125 1263 3194 agam

405 3243 488 3300 tuam
505 3255 629 3302 causam
651 3230 731 3328 apud
750 3233 870 3327 Regem
890 3229 1057 3314 emiorum,
1080 3230 1262 3327 quotidianis

405 3387 539 3433 exorans
555 3362 751 3446 holocaustis,
766 3376 800 3434 ut
813 3377 874 3434 tum
886 3362 993 3461 patriae
1010 3373 1041 3432 et
1058 3363 1174 3432 nostris
1190 3388 1262 3434 ocu-

405 3495 441 3566 lis
457 3493 567 3566 reddat
580 3507 610 3565 te
627 3493 811 3566 incolumem
825 3494 1021 3591 omnipotens
1037 3507 1069 3564 et
1085 3493 1261 3565 misericors

404 3628 500 3710 Deus,
516 3627 699 3698 adolescens
712 3627 795 3698 omni
810 3627 998 3722 jocunditate
1016 3625 1175 3724 temporali
1188 3627 1261 3698 mibi

405 3758 536 3829 suavior.

743 3897 770 3948 ‘N
