3038 5036
416 725 482 792 t88
619 745 730 790 osnnrm
748 745 782 791 un
801 744 891 790 curan
910 743 1060 788 srrsrocn.

413 907 484 975 Non
494 916 602 975 vestes
615 929 686 974 esse
701 902 758 973 sed
772 901 946 1000 pudicitiam
960 912 1142 972 ornamenta
1155 913 1276 972 matro-

422 1063 529 1107 narum
535 1089 1271 1104 .............

417 1165 636 1236 inhabitabiles
653 1177 757 1236 autem
777 1177 849 1236 sunt
865 1164 934 1247 loci,
958 1164 989 1234 in
1009 1164 1121 1261 quibus
1138 1162 1277 1261 gryphes

416 1299 506 1394 hujus
522 1297 627 1369 mundi
643 1296 820 1368 custodiunt
840 1295 973 1394 lapidem
991 1296 1090 1394 qualis
1106 1295 1276 1392 aquilarum

416 1428 839 1529 praeseruntvsimilitudinem
864 1441 896 1499 et
925 1452 1057 1526 corpore
1082 1453 1118 1498 ac
1142 1424 1276 1524 pedibus

418 1563 588 1634 instaurant
611 1562 744 1631 leonem.
796 1560 932 1631 Veniunt
956 1561 987 1630 in
1012 1585 1147 1658 pugnam
1167 1571 1274 1629 contra

417 1719 473 1764 eos
490 1692 641 1764 monoculi
656 1692 791 1790 quidam,
810 1692 965 1789 Arimaspi
978 1691 1113 1774 nomine,
1129 1690 1179 1787 qui
1196 1715 1276 1760 ocu-

416 1826 479 1896 lum
497 1850 589 1922 quem
603 1823 718 1896 habent
737 1835 862 1918 gestant
880 1823 911 1893 in
930 1823 1048 1907 lronte3
1070 1821 1274 1917 smaragdum

354 1953 364 1977 '
416 1956 586 2055 gryphibus
603 1955 746 2027 auserunt
758 1981 814 2052 per
826 1954 1015 2038 violentiam,
1032 1957 1145 2026 honam
1163 1953 1274 2024 existi—

391 2070 394 2078 ¹
417 2101 539 2159 mantes
553 2085 765 2182 hujuscemodi
783 2085 921 2182 rapinam
950 2145 1205 2154 .....

463 2219 518 2289 His
536 2218 699 2290 duodecim
724 2217 875 2314 lapidibus
899 2231 996 2289 status
1019 2219 1147 2290 civitatis
1164 2217 1219 2288 Dei
1242 2218 1272 2288 in

416 2351 559 2450 supernis
572 2349 792 2449 mysterialiter
806 2363 855 2420 est
867 2349 1042 2435 fabricatus
1058 2336 1274 2448 dignitatisque

417 2509 576 2556 murorum
602 2497 634 2553 et
655 2481 854 2554 fundamenta
881 2496 964 2554 tanta
984 2483 1121 2556 claritate
1143 2481 1272 2565 radiant,

418 2629 530 2714 quanta
556 2629 733 2687 sanctorum
765 2616 874 2686 merita
904 2641 943 2686 ex
971 2641 1079 2688 eorum
1107 2615 1276 2687 actionibus

418 2749 561 2820 decorata
576 2761 749 2820 coruscant.
803 2749 841 2819 Hi
860 2763 931 2821 sunt
943 2749 1060 2847 lapides
1075 2750 1147 2832 vivi,
1163 2749 1275 2847 quibus

418 2881 497 2953 muri
515 2881 709 2952 Hierusalem
724 2880 925 2964 adificantur,
945 2881 1031 2953 etde
1050 2882 1160 2980 quibus
1174 2880 1275 2978 scrip-

418 3029 482 3086 tum
496 3028 545 3085 est
569 3042 575 3082 ε
603 3013 755 3098 Quoniam
771 3015 952 3111 placuerunt
971 3015 1070 3086 servis
1084 3016 1144 3085 tuis
1157 3014 1273 3113 lapides

418 3151 495 3244 ejus,
512 3148 655 3245 quoniam
673 3147 815 3218 omnibus
826 3151 926 3218 Deum
939 3147 1118 3218 timentibus
1128 3148 1275 3246 mysticas

418 3279 625 3378 pretiosorum
638 3279 715 3348 adeo
731 3277 921 3349 delectabilis
932 3292 982 3349 est
993 3279 1115 3350 claritas
1127 3279 1272 3377 lapidum,

419 3412 500 3508 quod
510 3412 540 3481 in
553 3411 673 3482 illorum
685 3412 943 3510 contemplatione
954 3413 1140 3510 speculativa
1151 3439 1277 3510 semper

418 3569 559 3642 praesens
582 3542 721 3613 imminet
743 3557 861 3614 aeterna
887 3543 1065 3638 glorificatio
1086 3559 1273 3616 sanctorum.

417 3675 532 3744 Plateae
554 3672 643 3768 hujus
660 3673 789 3744 civitatis
807 3701 915 3745 aurum
935 3687 1008 3744 sunt
1026 3675 1185 3759 mundum,
1206 3676 1276 3772 quia
1296 3711 1299 3718 ·

415 3805 563 3878 charitate
584 3807 685 3902 plenae
701 3819 772 3877 sunt
789 3820 820 3878 et
842 3807 1000 3904 sapientia,
1017 3833 1118 3904 neque
1136 3834 1189 3878 eas
1206 3835 1277 3879 ma-

417 3937 483 4007 cula
500 3936 637 4006 criminis
656 3937 750 4008 inficit
765 3939 834 4009 ulla.
