3012 5040
404 696 472 762 436
608 717 719 762 osorum
738 717 772 761 ou
791 717 882 762 enirn
900 717 1046 761 rrrsronra.

402 854 698 964 sustentaridebuit
721 873 889 971 disciplina.
943 873 1266 969 PraeeepitDominus

402 1007 432 1076 in
453 1005 522 1100 lege
541 1020 572 1075 ut
589 1005 640 1075 obi
659 1018 879 1102 postmortem
899 1004 1010 1075 summi
1029 1004 1185 1075 Pontifieis
1202 1031 1262 1074 re-

402 1137 482 1209 diret
497 1137 535 1208 ad
549 1137 689 1235 patriam,
706 1137 731 1207 si
745 1137 813 1236 quis
825 1137 1009 1234 captivitatis
1025 1150 1172 1234 expertus
1186 1137 1265 1207 luis-

403 1283 451 1340 set
468 1294 649 1339 aerumnam.
704 1270 738 1338 ln
760 1281 861 1338 morte
882 1266 1054 1338 sacerdotis
1077 1268 1174 1338 nostri
1195 1270 1266 1338 Do-

403 1401 475 1470 mini
508 1413 540 1470 et
571 1399 791 1497 Redemptoris
822 1401 896 1470 lesu
923 1399 1048 1482 Christi,
1077 1414 1108 1470 et
1136 1426 1206 1498 quae
1233 1401 1264 1470 in

402 1533 501 1612 eoelis,
522 1547 553 1603 et
571 1557 641 1630 quae
658 1532 689 1602 in
710 1532 803 1603 terris
822 1531 924 1602 omnia
942 1545 1013 1602 sunt
1031 1545 1212 1608 restaurata,
1233 1546 1268 1603 et

403 1678 581 1735 sanctorum
606 1663 746 1759 collegia,
776 1689 846 1760 quae
875 1664 905 1734 in
932 1663 1052 1734 inferno
1079 1665 1267 1735 tenebantur

403 1795 532 1892 captiva,
552 1818 586 1863 se
602 1794 641 1863 ab
660 1817 698 1863 eo
712 1792 903 1888 gratulantur
920 1793 1037 1890 potenti
1052 1793 1166 1864 virtute
1183 1794 1267 1864 libe-

403 1939 478 1997 rala.
532 1925 607 1996 lnde
626 1925 736 1996 sacrati
757 1925 907 2024 temporis
928 1925 1122 1996 celebramus
1144 1939 1267 2024 myste-

403 2057 494 2140 rium,
515 2081 576 2152 quo
597 2055 723 2126 libertas
748 2055 884 2126 omnium
905 2053 1000 2126 debet
1021 2056 1140 2127 restitui
1163 2057 1266 2154 capti-

404 2215 525 2260 vorum.
579 2189 710 2262 Restitui
727 2188 857 2287 proinde
875 2188 1038 2272 deberem,
1058 2203 1090 2259 et
1107 2215 1167 2285 ego
1185 2189 1268 2260 inter

405 2347 460 2392 eos
483 2291 538 2419 qui
554 2322 594 2392 ab
614 2321 797 2420 AEgyptiaea
820 2321 970 2409 servitute
991 2321 1161 2392 liberantur
1181 2336 1212 2391 et
1234 2322 1267 2392 in

404 2478 513 2524 eorum
529 2466 613 2524 sorte
631 2451 798 2536 numerari,
814 2451 865 2550 qui
878 2451 960 2522 inter
972 2451 1057 2524 cives
1073 2453 1267 2524 Hierusalem

403 2585 443 2656 de
469 2586 627 2685 Babylone
655 2585 757 2657 edueti
784 2598 995 2655 numerantur.
1055 2584 1117 2656 Sed
1144 2584 1268 2656 videtur

404 2717 477 2788 mihi
499 2717 571 2789 illud
591 2717 631 2789 de
653 2743 704 2788 me
723 2730 824 2788 ratum
846 2716 998 2800 extitisse,
1018 2716 1100 2814 quod
1123 2716 1162 2788 de
1179 2741 1268 2788 eoeeo

406 2853 554 2950 seriptum
579 2865 628 2921 est
654 2851 685 2921 in
709 2849 872 2946 evangelio
901 2878 907 2920 :
936 2848 1005 2947 quia
1030 2848 1185 2920 Christum
1207 2875 1270 2920 ve-

404 2983 517 3054 raciter
535 2982 630 3054 voluit
654 2980 810 3064 confiteri,
832 2981 938 3077 jussus
956 2994 1005 3050 est
1023 2995 1110 3052 extra
1129 3007 1269 3080 synago—

405 3142 475 3211 gam
502 3115 580 3187 fieri.
634 3117 675 3186 Et
698 3115 842 3213 quoniam
869 3114 989 3186 salvum
1016 3114 1157 3185 ecelesiae
1170 3115 1267 3217 ,volui

405 3273 476 3318 esse
504 3262 664 3330 senatum,
691 3261 723 3318 et
741 3249 811 3344 jura
835 3247 865 3316 in
892 3246 1036 3318 omnibus
1058 3247 1267 3318 ecclesiastiea

404 3381 588 3480 praevalere,
604 3370 767 3452 damnatus
781 3407 850 3450 sum
864 3392 1009 3477 tanquam
1026 3378 1195 3475 llagitiosus
1208 3381 1269 3450 eri-

403 3514 486 3584 mine
504 3512 651 3610 pessimo,
676 3528 707 3582 et
727 3525 798 3582 nota
817 3510 943 3582 nelariae
959 3509 1130 3582 traditionis
1147 3511 1269 3582 infamis

404 3672 461 3744 per
482 3659 512 3715 te
536 3645 634 3716 laetus
658 3671 727 3716 sum
748 3643 873 3716 mundo.
928 3645 1046 3714 Verum
1066 3643 1115 3714 illa
1136 3643 1269 3741 proditio

404 3779 487 3850 nullo
505 3778 562 3848 alio
587 3778 711 3876 probari
731 3777 878 3874 praevalet
894 3789 1089 3871 argumento,
1110 3776 1166 3846 nisi
1185 3777 1269 3874 quod

404 3937 560 3983 secramm
587 3912 690 3981 ruinas
720 3909 850 3993 aedium,
879 3909 998 3980 medias
1025 3909 1268 3980 domesticorum
