3038 5036
421 701 489 768 lbb
628 725 741 770 osnnnrr
757 724 792 768 nn
809 723 899 768 cinna
916 722 1065 767 aristote.

417 879 604 951 familiariter
626 880 800 977 aliquandiu
829 879 1027 964 ministravit,
1057 893 1089 949 et
1115 889 1185 975 post
1209 876 1278 970 ejus

417 1012 534 1082 obitum
546 1011 678 1082 Saetrido
691 1013 795 1109 nepoti
813 1038 870 1082 suo
883 1011 996 1082 diutius
1013 1011 1151 1082 adhaesit.
1197 1011 1274 1078 lste.

418 1168 511 1238 quum
529 1156 644 1214 tantam
662 1144 785 1214 fervere
804 1143 1001 1214 devotionem
1018 1143 1148 1213 sentiret
1162 1141 1193 1210 in
1211 1139 1279 1208 loe-

418 1274 510 1358 mina,
527 1301 603 1346 voce
617 1277 716 1374 palam
733 1277 876 1348 omnibus
889 1275 1031 1347 clamavit
1044 1274 1186 1345 excelsa:
1203 1273 1277 1340 Ho-

418 1405 479 1490 die,
498 1407 605 1504 inquit,
629 1408 748 1491 mulier,
770 1409 931 1505 probitatis
952 1422 1013 1477 tuae
1031 1406 1062 1476 in
1080 1419 1186 1475 sancto
1208 1402 1277 1472 viro

417 1538 577 1634 apparebit
597 1537 737 1622 devotio,
765 1538 857 1608 bodie
874 1539 951 1608 illius
969 1539 999 1608 in
1018 1549 1048 1606 te
1070 1532 1276 1606 munificentia

416 1669 548 1766 copiosis
561 1669 721 1742 beneficiis
732 1669 925 1740 redundabit.
974 1667 1082 1739 Fidem
1096 1681 1190 1749 tuam,
1203 1689 1275 1762 quae

417 1826 491 1897 erga
508 1801 591 1872 illurn
608 1802 758 1874 hactenus
768 1815 931 1899 tantopere
945 1800 1089 1872 cllerbuit
1103 1798 1177 1869 tanti
1190 1824 1275 1868 amo-

416 1934 469 2018 ris
489 1933 580 2004 hodie
600 1933 761 2031 privilegio
779 1960 842 2004 non
860 1933 1009 2031 privabit;
1030 1931 1122 2002 hodie
1143 1929 1274 2026 experi-

416 2080 521 2136 mento
549 2091 721 2161 cognosces
750 2066 882 2136 verbum
907 2064 1046 2149 Domini,
1075 2063 1143 2160 quia
1171 2061 1273 2132 omnia

416 2196 569 2292 possibilia
582 2212 653 2268 sunt
665 2198 815 2268 credenti.
864 2197 966 2269 Crede
980 2195 1071 2273 hodie
1087 2192 1169 2292 quod
1185 2206 1274 2290 optas

414 2327 558 2398 adveniet
570 2342 601 2399 et
614 2329 676 2399 voti
691 2330 732 2400 tui
746 2329 827 2400 nulla
841 2329 943 2400 dilatio
957 2327 1142 2400 intercedet.
1187 2326 1272 2396 Sor-

414 2460 496 2530 tibus
511 2459 676 2546 distractis,
697 2463 811 2533 accitur
832 2477 1010 2546 extraneus,
1026 2458 1191 2558 praesentis
1209 2483 1273 2528 ne-

414 2593 487 2686 gotii
510 2607 581 2664 tunc
602 2595 738 2690 ignarus
791 2594 884 2666 Mittit
905 2595 936 2664 in
958 2594 1076 2664 incerto
1098 2603 1273 2662 manumet

412 2723 542 2794 retrahit
558 2739 589 2795 et
604 2752 691 2796 suam
704 2726 865 2824 unicuique
880 2739 998 2796 sortem
1014 2723 1151 2822 apponit,
1176 2747 1273 2818 quum

412 2855 522 2926 mulier
542 2857 674 2928 honesta
695 2885 818 2930 sursum
843 2858 1024 2957 respiceret,
1044 2870 1075 2926 et
1092 2854 1150 2924 Dei
1170 2853 1273 2924 mise-

412 2986 574 3059 ricordiam
600 2989 694 3061 corde
721 2991 821 3089 potius
850 3018 942 3089 quam
966 2989 1053 3060 labiis
1078 2987 1267 3058 inclamaret.

411 3118 554 3215 Scyplrus
572 3121 668 3192 sancti
685 3121 838 3219 pontilicis
852 3123 918 3218 ejus
934 3120 1013 3219 parti
1030 3118 1203 3201 ascribitur,
1218 3143 1272 3187 cu-

406 3250 458 3344 jus
474 3263 557 3321 tanta
570 3251 694 3324 devotio
707 3254 831 3326 fervere
844 3255 1016 3326 videbatur.
1071 3251 1271 3324 Conclamant

410 3406 520 3452 omnes
538 3385 669 3456 Domino
686 3385 808 3457 laudem
830 3401 862 3458 et
882 3385 1022 3482 gloriam,
1047 3397 1079 3454 et
1097 3383 1193 3454 saneti
1211 3383 1269 3452 viri

410 3539 480 3585 omn
522 3516 655 3588 lacrimis
693 3518 817 3590 laudant
845 3517 1100 3618 praerogativam,
1132 3514 1268 3586 lacrimae

410 3647 513 3732 etiam,
526 3673 565 3718 ex
578 3651 770 3746 quorundam
783 3651 879 3724 oeulis
889 3661 1139 3748 prorumpentes,
1151 3661 1269 3717 testan-

409 3791 459 3848 tur
488 3779 629 3851 obortam
658 3782 687 3852 in
712 3783 833 3854 illorum
859 3782 1006 3854 cordibus
1036 3805 1076 3850 ex
1101 3777 1267 3848 devotione

408 3909 553 3982 laetitiam.
608 3914 738 3985 Domina
754 3942 827 3986 vero
843 3914 1007 3998 Christina,
1023 3911 1070 3983 cui
1083 3909 1141 3981 hoc
1159 3909 1188 3978 in
1200 3936 1268 3978 mu-
