3050 5040
495 703 631 752 nrrsrorn
645 706 925 754 mranrurosmon.
1087 683 1130 754 37

271 879 306 934 et
317 864 420 936 cordis
434 882 466 936 et
475 893 555 938 meae
566 868 712 939 orationis
726 867 851 939 tandem
861 868 1060 939 concludatur
1068 868 1135 940 cla-

271 1024 354 1080 mor,
370 998 467 1070 redde
479 1013 512 1070 et
522 999 684 1070 commoda
697 999 835 1070 ancillam
850 1013 932 1070 tuam
946 999 1135 1070 aeternaliter

270 1132 519 1204 conservandam
537 1133 706 1231 patrocinio
724 1133 866 1204 Dominae
891 1147 923 1204 et
948 1133 1055 1204 matris
1073 1147 1134 1203 tuae

271 1265 402 1360 virginis
416 1266 523 1336 Mariae
538 1291 609 1362 quae
620 1281 652 1336 et
667 1281 696 1336 te
712 1265 954 1336 misericorditer
966 1266 1133 1364 adoptavit,

273 1412 307 1467 et
323 1397 482 1468 Christum
503 1398 684 1468 naturaliter
705 1398 821 1493 genuit,
844 1397 937 1468 filium
957 1425 1058 1480 suum,
1074 1400 1136 1466 Do

273 1530 393 1600 minum
412 1543 566 1612 nostrum,
588 1530 639 1627 qui
657 1544 829 1628 compatre
845 1543 876 1600 et
892 1529 1006 1626 Spiritu
1021 1531 1135 1600 Sancto

271 1663 350 1733 vivit
363 1676 396 1733 et
408 1677 520 1757 regnat
531 1665 617 1732 Deus
632 1687 688 1760 per
701 1663 802 1732 omnia
813 1661 925 1732 saecula
936 1661 1131 1734 saeculomm.

271 1797 389 1866 Amen.

385 1982 587 2052 EPlSTOLA
607 1983 693 2054 XlX.
712 2027 759 2034 —
773 1984 821 2054 An
837 1985 1021 2055 Romanruu.

299 2185 359 2252 Suo
381 2209 484 2254 nosrm
506 2210 539 2254 nr
564 2209 664 2256 riuum
686 2187 839 2256 Ronannro
864 2211 930 2255 sors
953 2209 1054 2254 nosrns
1078 2209 1111 2253 nr

521 2308 680 2354 ricunnrrn
708 2285 887 2353 Hunnnnrrs.

323 2446 455 2542 Angelis
472 2446 604 2545 hospitio
622 2446 761 2518 collectis
774 2447 856 2518 etad
872 2472 1013 2518 mensam
1026 2446 1137 2516 huma-

272 2580 356 2651 nitus
374 2579 520 2664 invitatio,
538 2583 624 2652 Sarae
641 2582 738 2653 sterili
755 2581 988 2652 foecunditatem
1003 2605 1136 2678 prome-

272 2713 336 2782 ruit
363 2712 542 2797 hhraham‚
578 2715 665 2811 cujus
696 2740 796 2812 nepos
828 2713 908 2785 Loth
941 2741 1012 2785 cum
1048 2711 1138 2783 simili

272 2846 463 2917 humanitate
497 2847 705 2918 Sodomorum
734 2847 877 2918 incendia
906 2847 1014 2918 evasit.
1067 2848 1137 2915 Duo

272 2978 414 3076 discipuli
445 2993 557 3050 euntes
590 2981 620 3050 in
654 2983 790 3064 Emaus‚
824 2973 1019 3051 Salvatorem
1049 3005 1138 3048 suum

274 3109 441 3208 hospitium
478 3113 593 3184 intrare
637 3127 809 3209 coegerunt
855 3114 946 3211 eique
997 3138 1138 3182 mensam

273 3259 496 3340 apposuerunt,
506 3259 805 3342 etquemsacrarum
816 3245 1036 3342 scripturamm
1046 3244 1139 3314 inter-

274 3375 447 3472 pretatione
471 3403 534 3447 non
556 3375 791 3459 intellexerant,
820 3376 850 3446 in
874 3375 961 3473 panis
991 3375 1139 3446 fractione

273 3523 501 3601 cognoverunt.
555 3511 599 3580 lta
622 3523 654 3581 et
673 3523 716 3592 tu,
742 3507 964 3579 humanissime
987 3507 1136 3604 pontilex.

274 3663 378 3709 meam
401 3640 585 3737 parvitatem
610 3656 694 3714 tuam
722 3640 849 3711 domum
871 3639 987 3710 intrare
1008 3665 1137 3736 compu-

272 3769 347 3853 listi,
363 3782 416 3840 tuo
432 3769 462 3840 in
481 3769 615 3842 thalamo
634 3771 804 3854 collocasti,
824 3783 945 3840 tuarum
963 3768 1138 3840 deliciarum

272 3901 459 3974 abundantia
470 3905 596 3990 satiasti
610 3919 641 3976 et
651 3931 774 3988 revera,
783 3929 876 4002 quem
890 3901 1138 4000 aliquandoapud
