<?xml version="1.0" encoding="UTF-8"?>
<!DOCTYPE html PUBLIC "-//W3C//DTD XHTML 1.0 Transitional//EN"
    "http://www.w3.org/TR/xhtml1/DTD/xhtml1-transitional.dtd">
<html xmlns="http://www.w3.org/1999/xhtml" xml:lang="en" lang="en">
 <head>
  <title>
</title>
<meta http-equiv="Content-Type" content="text/html;charset=utf-8" />
  <meta name='ocr-system' content='tesseract 3.04.00' />
  <meta name='ocr-capabilities' content='ocr_page ocr_carea ocr_par ocr_line ocrx_word'/>
</head>
<body>
  <div class='ocr_page' id='page_1' title='image "./epistolaeherber00ethegoog_0215.png"; bbox 0 0 3038 5036; ppageno 0'>
   <div class='ocr_carea' id='block_1_1' title="bbox 425 704 1068 772">
    <p class='ocr_par' dir='ltr' id='par_1_1' title="bbox 425 704 1068 772">
     <span class='ocr_line' id='line_1_1' title="bbox 425 704 1068 772; baseline 0.002 -3"><span class='ocrx_word' id='word_1_1' title='bbox 425 704 494 770; x_wconf 75' lang='lat' dir='ltr'><strong>lea</strong></span> <span class='ocrx_word' id='word_1_2' title='bbox 629 728 742 772; x_wconf 81' lang='lat' dir='ltr'><strong>osnrmr</strong></span> <span class='ocrx_word' id='word_1_3' title='bbox 759 727 795 772; x_wconf 81' lang='lat' dir='ltr'><strong>nr</strong></span> <span class='ocrx_word' id='word_1_4' title='bbox 813 727 904 772; x_wconf 80' lang='lat' dir='ltr'><strong>cinna</strong></span> <span class='ocrx_word' id='word_1_5' title='bbox 921 727 1068 772; x_wconf 79' lang='lat' dir='ltr'><strong>arrsronn.</strong></span> 
     </span>
    </p>
   </div>
   <div class='ocr_carea' id='block_1_2' title="bbox 425 879 1288 1372">
    <p class='ocr_par' dir='ltr' id='par_1_2' title="bbox 425 879 1288 1372">
     <span class='ocr_line' id='line_1_2' title="bbox 425 879 1286 977; baseline -0.002 -27"><span class='ocrx_word' id='word_1_6' title='bbox 425 880 625 956; x_wconf 82' lang='lat' dir='ltr'><strong>Etheldreda.</strong></span> <span class='ocrx_word' id='word_1_7' title='bbox 646 879 894 977; x_wconf 89' lang='lat' dir='ltr'><strong>incomparabilis</strong></span> <span class='ocrx_word' id='word_1_8' title='bbox 911 879 1011 973; x_wconf 76' lang='lat' dir='ltr'><strong>virgo.</strong></span> <span class='ocrx_word' id='word_1_9' title='bbox 1027 879 1057 950; x_wconf 92' lang='lat' dir='ltr'><strong>in</strong></span> <span class='ocrx_word' id='word_1_10' title='bbox 1074 881 1199 950; x_wconf 87' lang='lat' dir='ltr'><strong>fornace</strong></span> <span class='ocrx_word' id='word_1_11' title='bbox 1220 881 1286 948; x_wconf 90' lang='lat' dir='ltr'><strong>Ba-</strong></span> 
     </span>
     <span class='ocr_line' id='line_1_3' title="bbox 426 1011 1287 1110; baseline -0.006 -26"><span class='ocrx_word' id='word_1_12' title='bbox 426 1014 548 1110; x_wconf 79' lang='lat' dir='ltr'><strong>bylonis</strong></span> <span class='ocrx_word' id='word_1_13' title='bbox 579 1039 649 1083; x_wconf 91' lang='lat' dir='ltr'><strong>rore</strong></span> <span class='ocrx_word' id='word_1_14' title='bbox 676 1013 780 1084; x_wconf 89' lang='lat' dir='ltr'><strong>Sancti</strong></span> <span class='ocrx_word' id='word_1_15' title='bbox 806 1011 939 1109; x_wconf 79' lang='lat' dir='ltr'><strong>Spiritus</strong></span> <span class='ocrx_word' id='word_1_16' title='bbox 968 1012 1108 1107; x_wconf 82' lang='lat' dir='ltr'><strong>irrigata.</strong></span> <span class='ocrx_word' id='word_1_17' title='bbox 1138 1011 1287 1081; x_wconf 84' lang='lat' dir='ltr'><strong>torrentis</strong></span> 
     </span>
     <span class='ocr_line' id='line_1_4' title="bbox 425 1142 1288 1240; baseline -0.001 -26"><span class='ocrx_word' id='word_1_18' title='bbox 425 1145 505 1240; x_wconf 81' lang='lat' dir='ltr'><strong>ignis</strong></span> <span class='ocrx_word' id='word_1_19' title='bbox 523 1171 585 1216; x_wconf 93' lang='lat' dir='ltr'><strong>non</strong></span> <span class='ocrx_word' id='word_1_20' title='bbox 603 1144 701 1216; x_wconf 89' lang='lat' dir='ltr'><strong>sensit</strong></span> <span class='ocrx_word' id='word_1_21' title='bbox 713 1142 901 1226; x_wconf 79' lang='lat' dir='ltr'>incendium,</span> <span class='ocrx_word' id='word_1_22' title='bbox 914 1144 984 1240; x_wconf 91' lang='lat' dir='ltr'><strong>quia</strong></span> <span class='ocrx_word' id='word_1_23' title='bbox 995 1143 1205 1214; x_wconf 84' lang='lat' dir='ltr'><strong>flammantem</strong></span> <span class='ocrx_word' id='word_1_24' title='bbox 1217 1168 1288 1214; x_wconf 89' lang='lat' dir='ltr'><strong>car-</strong></span> 
     </span>
     <span class='ocr_line' id='line_1_5' title="bbox 425 1273 1287 1372; baseline -0.005 -26"><span class='ocrx_word' id='word_1_25' title='bbox 425 1277 473 1346; x_wconf 89' lang='lat' dir='ltr'><strong>nis</strong></span> <span class='ocrx_word' id='word_1_26' title='bbox 498 1275 646 1348; x_wconf 82' lang='lat' dir='ltr'><strong>horrebat</strong></span> <span class='ocrx_word' id='word_1_27' title='bbox 671 1276 834 1348; x_wconf 89' lang='lat' dir='ltr'><strong>incestum.</strong></span> <span class='ocrx_word' id='word_1_28' title='bbox 887 1277 1053 1372; x_wconf 83' lang='lat' dir='ltr'><strong>Nunquam</strong></span> <span class='ocrx_word' id='word_1_29' title='bbox 1074 1273 1210 1346; x_wconf 86' lang='lat' dir='ltr'><strong>auditum</strong></span> <span class='ocrx_word' id='word_1_30' title='bbox 1235 1285 1287 1344; x_wconf 89' lang='lat' dir='ltr'><strong>est</strong></span> 
     </span>
    </p>
   </div>
   <div class='ocr_carea' id='block_1_3' title="bbox 426 1403 1285 1504">
    <p class='ocr_par' dir='ltr' id='par_1_3' title="bbox 426 1403 1285 1504">
     <span class='ocr_line' id='line_1_6' title="bbox 426 1403 1285 1504; baseline -0.005 -26"><span class='ocrx_word' id='word_1_31' title='bbox 426 1406 465 1478; x_wconf 92' lang='lat' dir='ltr'><strong>de</strong></span> <span class='ocrx_word' id='word_1_32' title='bbox 499 1407 624 1478; x_wconf 88' lang='lat' dir='ltr'><strong>loemina</strong></span> <span class='ocrx_word' id='word_1_33' title='bbox 655 1405 738 1504; x_wconf 87' lang='lat' dir='ltr'><strong>quod</strong></span> <span class='ocrx_word' id='word_1_34' title='bbox 767 1404 838 1476; x_wconf 71' lang='lat' dir='ltr'><strong>haec</strong></span> <span class='ocrx_word' id='word_1_35' title='bbox 866 1406 991 1476; x_wconf 86' lang='lat' dir='ltr'><strong>loemina</strong></span> <span class='ocrx_word' id='word_1_36' title='bbox 1019 1417 1147 1502; x_wconf 84' lang='lat' dir='ltr'><strong>experta</strong></span> <span class='ocrx_word' id='word_1_37' title='bbox 1179 1403 1285 1474; x_wconf 88' lang='lat' dir='ltr'><strong>estin</strong></span> 
     </span>
    </p>
   </div>
   <div class='ocr_carea' id='block_1_4' title="bbox 427 1537 1296 4006">
    <p class='ocr_par' dir='ltr' id='par_1_4' title="bbox 427 1537 1296 4006">
     <span class='ocr_line' id='line_1_7' title="bbox 427 1537 1286 1637; baseline -0.003 -26"><span class='ocrx_word' id='word_1_38' title='bbox 427 1541 538 1637; x_wconf 91' lang='lat' dir='ltr'><strong>seipsa.</strong></span> <span class='ocrx_word' id='word_1_39' title='bbox 598 1540 701 1610; x_wconf 88' lang='lat' dir='ltr'><strong>Primo</strong></span> <span class='ocrx_word' id='word_1_40' title='bbox 726 1539 820 1622; x_wconf 88' lang='lat' dir='ltr'><strong>enirn,</strong></span> <span class='ocrx_word' id='word_1_41' title='bbox 848 1537 1036 1636; x_wconf 81' lang='lat' dir='ltr'><strong>desponsata</strong></span> <span class='ocrx_word' id='word_1_42' title='bbox 1060 1537 1145 1620; x_wconf 78' lang='lat' dir='ltr'><strong>viro,</strong></span> <span class='ocrx_word' id='word_1_43' title='bbox 1171 1537 1286 1608; x_wconf 89' lang='lat' dir='ltr'><strong>innuba</strong></span> 
     </span>
     <span class='ocr_line' id='line_1_8' title="bbox 428 1670 1286 1771; baseline -0.007 -27"><span class='ocrx_word' id='word_1_44' title='bbox 428 1673 596 1771; x_wconf 84' lang='lat' dir='ltr'><strong>permansit</strong></span> <span class='ocrx_word' id='word_1_45' title='bbox 623 1685 655 1744; x_wconf 91' lang='lat' dir='ltr'><strong>et</strong></span> <span class='ocrx_word' id='word_1_46' title='bbox 678 1672 785 1768; x_wconf 81' lang='lat' dir='ltr'><strong>virgo;</strong></span> <span class='ocrx_word' id='word_1_47' title='bbox 813 1670 883 1742; x_wconf 90' lang='lat' dir='ltr'><strong>data</strong></span> <span class='ocrx_word' id='word_1_48' title='bbox 907 1671 939 1740; x_wconf 93' lang='lat' dir='ltr'><strong>in</strong></span> <span class='ocrx_word' id='word_1_49' title='bbox 960 1670 1137 1766; x_wconf 79' lang='lat' dir='ltr'><strong>eonjugium</strong></span> <span class='ocrx_word' id='word_1_50' title='bbox 1158 1683 1286 1740; x_wconf 87' lang='lat' dir='ltr'><strong>terreno</strong></span> 
     </span>
     <span class='ocr_line' id='line_1_9' title="bbox 428 1801 1287 1901; baseline -0.005 -27"><span class='ocrx_word' id='word_1_51' title='bbox 428 1804 567 1901; x_wconf 71' lang='lat' dir='ltr'><strong>principi,</strong></span> <span class='ocrx_word' id='word_1_52' title='bbox 580 1803 683 1901; x_wconf 77' lang='lat' dir='ltr'><strong>nupsit</strong></span> <span class='ocrx_word' id='word_1_53' title='bbox 694 1802 876 1872; x_wconf 88' lang='lat' dir='ltr'><strong>intemerata</strong></span> <span class='ocrx_word' id='word_1_54' title='bbox 890 1801 1086 1896; x_wconf 77' lang='lat' dir='ltr'><strong>Angelorum</strong></span> <span class='ocrx_word' id='word_1_55' title='bbox 1098 1801 1175 1896; x_wconf 77' lang='lat' dir='ltr'><strong>regi.</strong></span> <span class='ocrx_word' id='word_1_56' title='bbox 1215 1802 1287 1870; x_wconf 78' lang='lat' dir='ltr'><strong>lno</strong></span> 
     </span>
     <span class='ocr_line' id='line_1_10' title="bbox 428 1934 1287 2034; baseline -0.005 -28"><span class='ocrx_word' id='word_1_57' title='bbox 428 1937 530 2034; x_wconf 90' lang='lat' dir='ltr'><strong>pinata</strong></span> <span class='ocrx_word' id='word_1_58' title='bbox 544 1937 626 2007; x_wconf 88' lang='lat' dir='ltr'><strong>enirn</strong></span> <span class='ocrx_word' id='word_1_59' title='bbox 639 1949 741 2006; x_wconf 91' lang='lat' dir='ltr'><strong>morte</strong></span> <span class='ocrx_word' id='word_1_60' title='bbox 754 1935 801 2004; x_wconf 91' lang='lat' dir='ltr'><strong>vir</strong></span> <span class='ocrx_word' id='word_1_61' title='bbox 818 1934 868 2004; x_wconf 90' lang='lat' dir='ltr'><strong>ille</strong></span> <span class='ocrx_word' id='word_1_62' title='bbox 885 1947 1074 2031; x_wconf 86' lang='lat' dir='ltr'><strong>praeventus‚</strong></span> <span class='ocrx_word' id='word_1_63' title='bbox 1093 1935 1237 2006; x_wconf 77' lang='lat' dir='ltr'><strong>intactam</strong></span> <span class='ocrx_word' id='word_1_64' title='bbox 1254 1947 1287 2003; x_wconf 88' lang='lat' dir='ltr'><strong>et</strong></span> 
     </span>
     <span class='ocr_line' id='line_1_11' title="bbox 428 2067 1288 2164; baseline -0.005 -23"><span class='ocrx_word' id='word_1_65' title='bbox 428 2069 652 2142; x_wconf 89' lang='lat' dir='ltr'><strong>immaculatam</strong></span> <span class='ocrx_word' id='word_1_66' title='bbox 681 2067 845 2164; x_wconf 84' lang='lat' dir='ltr'><strong>dereliquit</strong></span> <span class='ocrx_word' id='word_1_67' title='bbox 872 2093 964 2164; x_wconf 88' lang='lat' dir='ltr'><strong>quam</strong></span> <span class='ocrx_word' id='word_1_68' title='bbox 990 2067 1047 2139; x_wconf 89' lang='lat' dir='ltr'><strong>sibi</strong></span> <span class='ocrx_word' id='word_1_69' title='bbox 1072 2080 1177 2162; x_wconf 86' lang='lat' dir='ltr'><strong>¹castus</strong></span> <span class='ocrx_word' id='word_1_70' title='bbox 1199 2093 1288 2138; x_wconf 89' lang='lat' dir='ltr'><strong>amor</strong></span> 
     </span>
     <span class='ocr_line' id='line_1_12' title="bbox 428 2200 1288 2299; baseline -0.006 -24"><span class='ocrx_word' id='word_1_71' title='bbox 428 2202 557 2286; x_wconf 78' lang='lat' dir='ltr'><strong>Christi,</strong></span> <span class='ocrx_word' id='word_1_72' title='bbox 583 2201 741 2299; x_wconf 86' lang='lat' dir='ltr'><strong>impolluto</strong></span> <span class='ocrx_word' id='word_1_73' title='bbox 766 2200 960 2272; x_wconf 85' lang='lat' dir='ltr'><strong>matrimonio</strong></span> <span class='ocrx_word' id='word_1_74' title='bbox 987 2200 1149 2298; x_wconf 82' lang='lat' dir='ltr'><strong>copulavit.</strong></span> <span class='ocrx_word' id='word_1_75' title='bbox 1178 2239 1181 2244; x_wconf 95' lang='lat'>·</span> <span class='ocrx_word' id='word_1_76' title='bbox 1208 2201 1288 2295; x_wconf 80' lang='lat' dir='ltr'><strong>Regi</strong></span> 
     </span>
     <span class='ocr_line' id='line_1_13' title="bbox 428 2332 1289 2432; baseline -0.005 -24"><span class='ocrx_word' id='word_1_77' title='bbox 428 2335 540 2408; x_wconf 89' lang='lat' dir='ltr'><strong>deinde</strong></span> <span class='ocrx_word' id='word_1_78' title='bbox 563 2334 748 2432; x_wconf 87' lang='lat' dir='ltr'><strong>praepotenti</strong></span> <span class='ocrx_word' id='word_1_79' title='bbox 776 2345 970 2404; x_wconf 91' lang='lat' dir='ltr'><strong>sacramento</strong></span> <span class='ocrx_word' id='word_1_80' title='bbox 994 2334 1204 2430; x_wconf 77' lang='lat' dir='ltr'><strong>eonjvmgitur‚</strong></span> <span class='ocrx_word' id='word_1_81' title='bbox 1231 2332 1289 2404; x_wconf 90' lang='lat' dir='ltr'><strong>sed</strong></span> 
     </span>
     <span class='ocr_line' id='line_1_14' title="bbox 429 2466 1289 2566; baseline 0 -28"><span class='ocrx_word' id='word_1_82' title='bbox 429 2469 602 2566; x_wconf 89' lang='lat' dir='ltr'><strong>nuptiarum</strong></span> <span class='ocrx_word' id='word_1_83' title='bbox 630 2493 706 2540; x_wconf 90' lang='lat' dir='ltr'><strong>usus</strong></span> <span class='ocrx_word' id='word_1_84' title='bbox 737 2467 900 2538; x_wconf 87' lang='lat' dir='ltr'><strong>carnaliter</strong></span> <span class='ocrx_word' id='word_1_85' title='bbox 925 2493 988 2538; x_wconf 92' lang='lat' dir='ltr'><strong>non</strong></span> <span class='ocrx_word' id='word_1_86' title='bbox 1016 2466 1169 2564; x_wconf 84' lang='lat' dir='ltr'><strong>expletur.</strong></span> <span class='ocrx_word' id='word_1_87' title='bbox 1226 2469 1289 2538; x_wconf 91' lang='lat' dir='ltr'><strong>Per</strong></span> 
     </span>
     <span class='ocr_line' id='line_1_15' title="bbox 430 2599 1290 2694; baseline -0.002 -22"><span class='ocrx_word' id='word_1_88' title='bbox 430 2627 528 2672; x_wconf 91' lang='lat' dir='ltr'><strong>annos</strong></span> <span class='ocrx_word' id='word_1_89' title='bbox 551 2599 713 2674; x_wconf 88' lang='lat' dir='ltr'><strong>duodecim</strong></span> <span class='ocrx_word' id='word_1_90' title='bbox 743 2601 771 2670; x_wconf 89' lang='lat' dir='ltr'><strong>ei</strong></span> <span class='ocrx_word' id='word_1_91' title='bbox 797 2600 997 2684; x_wconf 77' lang='lat' dir='ltr'><strong>ministravit,</strong></span> <span class='ocrx_word' id='word_1_92' title='bbox 1027 2599 1083 2670; x_wconf 90' lang='lat' dir='ltr'><strong>sed</strong></span> <span class='ocrx_word' id='word_1_93' title='bbox 1106 2599 1290 2694; x_wconf 80' lang='lat' dir='ltr'><strong>virginitatis</strong></span> 
     </span>
     <span class='ocr_line' id='line_1_16' title="bbox 430 2732 1290 2830; baseline -0.002 -26"><span class='ocrx_word' id='word_1_94' title='bbox 430 2735 562 2804; x_wconf 82' lang='lat' dir='ltr'><strong>fructum</strong></span> <span class='ocrx_word' id='word_1_95' title='bbox 580 2732 802 2830; x_wconf 90' lang='lat' dir='ltr'><strong>non&#39;perdidit.</strong></span> <span class='ocrx_word' id='word_1_96' title='bbox 856 2733 1001 2804; x_wconf 82' lang='lat' dir='ltr'><strong>Exterior</strong></span> <span class='ocrx_word' id='word_1_97' title='bbox 1017 2733 1138 2830; x_wconf 89' lang='lat' dir='ltr'><strong>species</strong></span> <span class='ocrx_word' id='word_1_98' title='bbox 1150 2732 1290 2803; x_wconf 90' lang='lat' dir='ltr'><strong>circum—</strong></span> 
     </span>
     <span class='ocr_line' id='line_1_17' title="bbox 431 2864 1290 2961; baseline -0.002 -25"><span class='ocrx_word' id='word_1_99' title='bbox 431 2866 551 2938; x_wconf 81' lang='lat' dir='ltr'><strong>ferebat</strong></span> <span class='ocrx_word' id='word_1_100' title='bbox 564 2866 714 2961; x_wconf 77' lang='lat' dir='ltr'><strong>reginam,</strong></span> <span class='ocrx_word' id='word_1_101' title='bbox 728 2864 784 2936; x_wconf 87' lang='lat' dir='ltr'><strong>sed</strong></span> <span class='ocrx_word' id='word_1_102' title='bbox 795 2865 913 2936; x_wconf 87' lang='lat' dir='ltr'><strong>interea</strong></span> <span class='ocrx_word' id='word_1_103' title='bbox 927 2864 1050 2936; x_wconf 91' lang='lat' dir='ltr'><strong>devotio</strong></span> <span class='ocrx_word' id='word_1_104' title='bbox 1063 2864 1209 2935; x_wconf 91' lang='lat' dir='ltr'><strong>humilem</strong></span> <span class='ocrx_word' id='word_1_105' title='bbox 1221 2866 1290 2935; x_wconf 89' lang='lat' dir='ltr'><strong>Deo</strong></span> 
     </span>
     <span class='ocr_line' id='line_1_18' title="bbox 431 2995 1287 3092; baseline -0.002 -24"><span class='ocrx_word' id='word_1_106' title='bbox 431 2998 597 3070; x_wconf 86' lang='lat' dir='ltr'><strong>exhibebat</strong></span> <span class='ocrx_word' id='word_1_107' title='bbox 625 2997 775 3070; x_wconf 91' lang='lat' dir='ltr'><strong>ancillam.</strong></span> <span class='ocrx_word' id='word_1_108' title='bbox 830 2999 955 3068; x_wconf 89' lang='lat' dir='ltr'><strong>lntnere</strong></span> <span class='ocrx_word' id='word_1_109' title='bbox 982 2996 1092 3092; x_wconf 82' lang='lat' dir='ltr'><strong>igitur,</strong></span> <span class='ocrx_word' id='word_1_110' title='bbox 1123 2995 1184 3068; x_wconf 87' lang='lat' dir='ltr'><strong>filia</strong></span> <span class='ocrx_word' id='word_1_111' title='bbox 1211 2997 1287 3079; x_wconf 77' lang='lat' dir='ltr'><strong>Dei,</strong></span> 
     </span>
     <span class='ocr_line' id='line_1_19' title="bbox 432 3129 1293 3228; baseline -0.002 -27"><span class='ocrx_word' id='word_1_112' title='bbox 432 3145 507 3228; x_wconf 90' lang='lat' dir='ltr'><strong>quot</strong></span> <span class='ocrx_word' id='word_1_113' title='bbox 523 3156 633 3202; x_wconf 88' lang='lat' dir='ltr'><strong>cruces</strong></span> <span class='ocrx_word' id='word_1_114' title='bbox 654 3144 716 3200; x_wconf 90' lang='lat' dir='ltr'><strong>tam</strong></span> <span class='ocrx_word' id='word_1_115' title='bbox 734 3129 877 3200; x_wconf 92' lang='lat' dir='ltr'><strong>diuturno</strong></span> <span class='ocrx_word' id='word_1_116' title='bbox 897 3143 1039 3227; x_wconf 91' lang='lat' dir='ltr'><strong>tempore</strong></span> <span class='ocrx_word' id='word_1_117' title='bbox 1060 3129 1196 3226; x_wconf 81' lang='lat' dir='ltr'><strong>pertulit,</strong></span> <span class='ocrx_word' id='word_1_118' title='bbox 1217 3144 1293 3227; x_wconf 90' lang='lat' dir='ltr'><strong>quot</strong></span> 
     </span>
     <span class='ocr_line' id='line_1_20' title="bbox 433 3260 1292 3360; baseline -0.002 -28"><span class='ocrx_word' id='word_1_119' title='bbox 433 3263 490 3333; x_wconf 91' lang='lat' dir='ltr'><strong>sibi</strong></span> <span class='ocrx_word' id='word_1_120' title='bbox 504 3261 593 3333; x_wconf 88' lang='lat' dir='ltr'><strong>taedia</strong></span> <span class='ocrx_word' id='word_1_121' title='bbox 614 3289 749 3360; x_wconf 88' lang='lat' dir='ltr'><strong>sponsus</strong></span> <span class='ocrx_word' id='word_1_122' title='bbox 767 3261 818 3332; x_wconf 91' lang='lat' dir='ltr'><strong>ille</strong></span> <span class='ocrx_word' id='word_1_123' title='bbox 838 3289 912 3333; x_wconf 89' lang='lat' dir='ltr'><strong>suus</strong></span> <span class='ocrx_word' id='word_1_124' title='bbox 930 3262 1071 3358; x_wconf 79' lang='lat' dir='ltr'><strong>ingessit.</strong></span> <span class='ocrx_word' id='word_1_125' title='bbox 1124 3261 1227 3345; x_wconf 86' lang='lat' dir='ltr'><strong>Quum</strong></span> <span class='ocrx_word' id='word_1_126' title='bbox 1242 3260 1292 3331; x_wconf 90' lang='lat' dir='ltr'><strong>ille</strong></span> 
     </span>
     <span class='ocr_line' id='line_1_21' title="bbox 433 3393 1291 3493; baseline -0.002 -28"><span class='ocrx_word' id='word_1_127' title='bbox 433 3407 596 3493; x_wconf 87' lang='lat' dir='ltr'><strong>appeteret</strong></span> <span class='ocrx_word' id='word_1_128' title='bbox 608 3396 784 3492; x_wconf 80' lang='lat' dir='ltr'><strong>conjugem,</strong></span> <span class='ocrx_word' id='word_1_129' title='bbox 800 3407 833 3465; x_wconf 91' lang='lat' dir='ltr'><strong>et</strong></span> <span class='ocrx_word' id='word_1_130' title='bbox 850 3395 899 3465; x_wconf 90' lang='lat' dir='ltr'><strong>illa</strong></span> <span class='ocrx_word' id='word_1_131' title='bbox 917 3393 1076 3466; x_wconf 88' lang='lat' dir='ltr'><strong>abdicaret</strong></span> <span class='ocrx_word' id='word_1_132' title='bbox 1088 3394 1291 3492; x_wconf 77' lang='lat' dir='ltr'><strong>voluptatem,</strong></span> 
     </span>
     <span class='ocr_line' id='line_1_22' title="bbox 433 3525 1294 3624; baseline -0.006 -25"><span class='ocrx_word' id='word_1_133' title='bbox 433 3553 512 3624; x_wconf 91' lang='lat' dir='ltr'><strong>quos</strong></span> <span class='ocrx_word' id='word_1_134' title='bbox 537 3527 710 3606; x_wconf 82' lang='lat' dir='ltr'><strong>conflictus,</strong></span> <span class='ocrx_word' id='word_1_135' title='bbox 739 3539 852 3623; x_wconf 90' lang='lat' dir='ltr'><strong>quanta</strong></span> <span class='ocrx_word' id='word_1_136' title='bbox 879 3525 1022 3597; x_wconf 90' lang='lat' dir='ltr'><strong>sustinuit</strong></span> <span class='ocrx_word' id='word_1_137' title='bbox 1045 3525 1179 3621; x_wconf 78' lang='lat' dir='ltr'><strong>gloriosa</strong></span> <span class='ocrx_word' id='word_1_138' title='bbox 1205 3525 1294 3620; x_wconf 76' lang='lat' dir='ltr'><strong>virgo</strong></span> 
     </span>
     <span class='ocr_line' id='line_1_23' title="bbox 433 3658 1294 3755; baseline -0.003 -25"><span class='ocrx_word' id='word_1_139' title='bbox 433 3659 618 3730; x_wconf 79' lang='lat' dir='ltr'><strong>certamina!</strong></span> <span class='ocrx_word' id='word_1_140' title='bbox 671 3658 762 3743; x_wconf 85' lang='lat' dir='ltr'><strong>Quod</strong></span> <span class='ocrx_word' id='word_1_141' title='bbox 787 3659 886 3754; x_wconf 85' lang='lat' dir='ltr'><strong>majus</strong></span> <span class='ocrx_word' id='word_1_142' title='bbox 916 3659 946 3730; x_wconf 95' lang='lat' dir='ltr'><strong>in</strong></span> <span class='ocrx_word' id='word_1_143' title='bbox 971 3683 1065 3730; x_wconf 91' lang='lat' dir='ltr'><strong>carne</strong></span> <span class='ocrx_word' id='word_1_144' title='bbox 1090 3669 1195 3755; x_wconf 89' lang='lat' dir='ltr'><strong>potest</strong></span> <span class='ocrx_word' id='word_1_145' title='bbox 1220 3681 1294 3728; x_wconf 88' lang='lat' dir='ltr'><strong>esse</strong></span> 
     </span>
     <span class='ocr_line' id='line_1_24' title="bbox 435 3788 1296 3889; baseline -0.001 -29"><span class='ocrx_word' id='word_1_146' title='bbox 435 3791 628 3888; x_wconf 77' lang='lat' dir='ltr'><strong>martyrium,</strong></span> <span class='ocrx_word' id='word_1_147' title='bbox 642 3817 734 3889; x_wconf 90' lang='lat' dir='ltr'><strong>quam</strong></span> <span class='ocrx_word' id='word_1_148' title='bbox 748 3791 933 3864; x_wconf 88' lang='lat' dir='ltr'><strong>abstinentia</strong></span> <span class='ocrx_word' id='word_1_149' title='bbox 949 3791 1030 3862; x_wconf 86' lang='lat' dir='ltr'><strong>inter</strong></span> <span class='ocrx_word' id='word_1_150' title='bbox 1043 3791 1146 3888; x_wconf 90' lang='lat' dir='ltr'><strong>spinas</strong></span> <span class='ocrx_word' id='word_1_151' title='bbox 1163 3788 1296 3860; x_wconf 89' lang='lat' dir='ltr'><strong>delicia-</strong></span> 
     </span>
     <span class='ocr_line' id='line_1_25' title="bbox 435 3920 1296 4006; baseline 0 -14"><span class='ocrx_word' id='word_1_152' title='bbox 435 3928 525 3993; x_wconf 82' lang='lat' dir='ltr'><strong>rum?</strong></span> <span class='ocrx_word' id='word_1_153' title='bbox 576 3922 683 3992; x_wconf 86' lang='lat' dir='ltr'><strong>Evasit</strong></span> <span class='ocrx_word' id='word_1_154' title='bbox 697 3935 812 4006; x_wconf 70' lang='lat' dir='ltr'><strong>tamen,</strong></span> <span class='ocrx_word' id='word_1_155' title='bbox 829 3922 926 3994; x_wconf 86' lang='lat' dir='ltr'><strong>evasit</strong></span> <span class='ocrx_word' id='word_1_156' title='bbox 944 3922 1057 3994; x_wconf 88' lang='lat' dir='ltr'><strong>illibata</strong></span> <span class='ocrx_word' id='word_1_157' title='bbox 1074 3921 1112 3992; x_wconf 91' lang='lat' dir='ltr'><strong>de</strong></span> <span class='ocrx_word' id='word_1_158' title='bbox 1132 3920 1245 3992; x_wconf 86' lang='lat' dir='ltr'><strong>saeculo</strong></span> <span class='ocrx_word' id='word_1_159' title='bbox 1264 3933 1296 3992; x_wconf 90' lang='lat' dir='ltr'><strong>et</strong></span> 
     </span>
    </p>
   </div>
   <div class='ocr_carea' id='block_1_5' title="bbox 0 0 1538 5036">
    <p class='ocr_par' dir='ltr' id='par_1_5' title="bbox 0 0 1538 5036">
     <span class='ocr_line' id='line_1_26' title="bbox 0 0 1538 5036; baseline 0 0"><span class='ocrx_word' id='word_1_160' title='bbox 0 0 1538 5036; x_wconf 95' lang='lat' dir='ltr'><strong> </strong></span> 
     </span>
    </p>
   </div>
  </div>
 </body>
</html>
