3038 5036
417 735 487 808 226
537 759 637 805 Etrtttttt
656 761 761 806 PRlOlllS
779 761 995 807 cnttrttnntnrtsts
1013 759 1158 804 nrtstotlc.

414 917 575 998 crocitare,
596 944 687 1014 quom
705 931 822 988 vestrae
840 917 1069 988 benevolentiae
1092 917 1192 986 minus
1210 915 1274 984 de-

414 1060 505 1116 votus
521 1072 681 1143 apparere.
735 1049 867 1118 Vestros
881 1048 971 1142 igitur
988 1071 1101 1118 versus
1115 1061 1275 1142 gratanter

414 1179 551 1276 suscepi,
582 1178 683 1249 laetius
712 1179 785 1274 legi,
815 1179 933 1251 dulcius
958 1178 1072 1274 relegi3
1101 1179 1131 1248 in
1161 1178 1273 1274 quibus

414 1334 489 1404 erge
506 1335 557 1380 me
576 1323 638 1380 tem
655 1310 810 1382 sincerum
826 1337 884 1381 vos
901 1309 1018 1382 babere
1035 1309 1158 1408 percepi
1179 1335 1273 1378 amo-

414 1467 493 1526 rem,
509 1456 542 1512 ut
560 1468 610 1513 me
628 1456 744 1512 vestrae
760 1442 913 1514 dilectioni
928 1468 989 1512 non
1008 1441 1161 1512 immerito
1175 1441 1273 1512 fatear

413 1585 597 1670 perpetuum
632 1573 818 1644 debitorem.
878 1573 998 1657 Quibus
1034 1573 1147 1643 idcirco
1178 1599 1270 1670 prosa

413 1705 600 1803 respondeo,
611 1706 680 1804 quia
690 1719 721 1776 et
734 1705 868 1777 charitas
881 1717 986 1776 vestro
997 1729 1047 1774 me
1058 1703 1171 1774 diutius
1180 1705 1270 1775 vobis

413 1841 493 1938 loqui
507 1841 672 1938 compellit,
691 1854 723 1910 et
735 1840 844 1911 dillusa
858 1840 997 1910 oratione
1010 1840 1149 1910 scribere
1167 1838 1271 1910 versi-

413 1971 522 2043 ficandi
546 1971 695 2043 districtio
712 1997 773 2042 non
792 1972 940 2069 permittit
946 2026 1265 2040 ......

459 2237 518 2308 lllc
530 2236 631 2335 itaque
648 2237 747 2336 stylus
764 2251 872 2310 noster
892 2237 1041 2334 quiescet,
1064 2261 1157 2333 quum
1179 2259 1269 2304 mens

409 2369 439 2440 in
458 2383 564 2442 vestra
580 2369 742 2442 dilectione
760 2371 923 2468 quiescere
942 2367 1070 2451 nesciat,
1094 2365 1149 2438 sed
1169 2366 1268 2462 magis

409 2500 440 2570 in
452 2499 519 2570 dies
531 2500 613 2572 illam
625 2501 656 2572 in
669 2526 704 2571 se
718 2525 834 2598 augere
852 2498 1029 2572 contendat.
1083 2497 1169 2570 Licet
1184 2498 1268 2568 enim

409 2630 506 2701 verba
521 2643 657 2712 cessent,
673 2655 829 2728 nunquam
846 2628 981 2700 cessabit
994 2652 1069 2724 erge
1082 2654 1139 2700 vos
1152 2640 1268 2698 nostrae

409 2759 580 2832 dilectionis
593 2761 732 2832 allectus.
782 2762 936 2832 Orantem
952 2785 1010 2858 pro
1027 2785 1078 2831 me
1092 2785 1185 2830 servo
1197 2783 1268 2830 ves-

408 2907 457 2964 tro
471 2893 679 2966 sinceritatem
694 2906 834 2966 vestram
852 2919 986 2992 superna
1005 2892 1102 2989 gratie
1119 2892 1151 2962 in
1165 2890 1270 2962 omni-

408 3025 468 3098 bus
485 3039 517 3097 et
536 3026 651 3124 ubique
669 3026 832 3112 custodiat,
853 3026 950 3098 amice
964 3024 1141 3096 dolcissime
1159 3049 1194 3094 ac
1214 3021 1269 3092 di-

410 3156 577 3230 lectissime
596 3159 702 3230 lrater.
