3038 5036
443 739 604 786 ascranae
622 739 714 786 crtus
730 739 875 784 rrrsroco.
1020 710 1080 783 tte

234 899 322 983 Vale,
333 899 504 970 clarissime
514 897 740 982 Clarernbalde,
753 897 826 981 imo,
836 897 876 966 mi
886 895 975 967 Clare
985 894 1087 978 valdo,

236 1044 270 1101 et
287 1033 452 1102 Nazaraeos
469 1032 520 1129 qui
539 1045 641 1102 tecum
653 1031 685 1101 iu
701 1030 855 1101 Nazareth
868 1044 1092 1100 conversantur

237 1177 342 1232 nostra
370 1163 409 1233 de
432 1177 519 1260 parte
545 1162 666 1232 salvere
687 1163 762 1257 jube
768 1217 1087 1230 ......

311 1447 511 1516 EPISTOLA
536 1447 683 1516 XXXlll.
708 1489 756 1497 —
778 1446 825 1516 Aa
851 1447 1021 1516 Gauroruuu

418 1581 450 1648 S.
472 1578 583 1649 Aroaru
600 1604 731 1648 rarorous
748 1604 911 1648 raucarum.

237 1781 423 1851 Reverentia
440 1781 538 1850 titolis
555 1796 584 1850 et
597 1780 728 1850 cultibus
746 1780 910 1850 solenniter
928 1779 1094 1850 honestatis

287 1912 433 2008 insipnito
449 1912 620 1982 venerabili
635 1913 769 1981 Domino
781 1925 810 1981 et
821 1912 911 2008 patri
928 1908 1093 2006 (lanfrido,

287 2041 404 2112 Albani
423 2043 569 2139 patribus
585 2045 705 2114 neritis
721 2057 750 2113 et
770 2045 930 2114 sanctitate
950 2041 1094 2139 praelato,

289 2171 433 2243 Oslertns
442 2173 479 2243 <le
487 2173 597 2266 Claro,
606 2200 670 2245 snae
681 2174 943 2270 dilectorjnstitioe
956 2187 984 2243 et
994 2199 1097 2243 renin-

290 2304 367 2374 lator
391 2303 468 2401 fidei
491 2318 520 2375 et
544 2303 702 2384 doctrinae,
721 2307 765 2375 sic
782 2305 912 2374 coelestis
936 2305 1098 2400 sapientiae

287 2437 373 2505 conis
393 2435 543 2506 albescere
570 2449 605 2504 nt
632 2436 703 2505 aitte
727 2448 862 2505 senectus
889 2434 1098 2505 itnmocnlctoe

286 2594 355 2637 euna
371 2569 452 2639 inter
470 2568 542 2638 lilia
559 2567 713 2639 Paradisi
728 2567 832 2637 ualeat
848 2566 1005 2636 collocare.

287 2769 388 2840 Navae
409 2770 509 2840 cultor
528 2770 697 2841 mansionis
716 2783 748 2839 et
768 2769 896 2888 hospes,
917 2765 1100 2836 exercendis

234 2899 396 2996 jugeribus
414 2900 510 2971 otium
529 2903 669 2998 praebeo,
691 2902 742 2999 qui
763 2901 874 2971 litteris
891 2924 1002 2970 vacare
1018 2923 1100 2967 con-

239 3031 342 3116 suevi,
376 3031 466 3102 studii
490 3033 628 3103 coelestis
657 3032 780 3103 deditus
807 3031 1016 3113 increment03
1069 3041 1101 3098 et

238 3188 333 3259 quem
346 3163 481 3234 formosa
501 3164 617 3236 Rachel
635 3165 716 3235 inter
728 3163 852 3235 brachia
870 3189 923 3232 sua
941 3149 1102 3231 consuevit

239 3296 425 3392 astringere,
440 3324 521 3369 nunc
532 3285 689 3396 lippientis
701 3298 764 3369 Liae
778 3294 967 3368 loeouuditati
981 3293 1011 3364 in
1026 3292 1103 3364 ttio-

240 3455 309 3499 rum
340 3432 555 3528 procreatione
585 3459 682 3528 cogor
712 3432 866 3513 laborare,
897 3429 1010 3525 quique
1033 3453 1103 3498 cum

231 3561 336 3632 'Maria
366 3563 528 3660 aliquando
553 3588 790 3635 consueveram
824 3584 936 3631 vacare
966 3557 1101 3639 silentio,

240 3692 332 3764 modo
357 3719 428 3766 curn
450 3696 571 3766 Martha
596 3709 704 3792 satago
734 3691 881 3763 sollicitus
904 3703 936 3760 et
958 3689 1105 3786 frequens

242 3823 272 3893 in
291 3825 471 3898 ministeria.
525 3831 609 3924 Erga
624 3828 754 3926 plurima
776 3823 889 3895 crescit
902 3821 1024 3893 assidue
1039 3835 1108 3891 tur-

243 3955 324 4026 batio
346 3983 430 4043 rnea;
447 3973 478 4030 et
494 3960 567 4032 dum
582 3961 713 4033 filiorum
732 3971 913 4029 nostrorum
937 3954 968 4024 in
983 3953 1105 4025 Christo
