3038 5036
471 714 583 760 osnumr
600 715 634 760 nu
653 715 743 760 emm
762 715 906 762 urrsrutn.
1052 690 1119 762 t75

263 871 352 940 beata
375 869 493 964 virgine
514 870 645 940 obtinuit
664 869 843 940 Aedeldria.
897 873 972 968 Ejus
989 897 1120 968 namque

261 1000 360 1072 adbuc
376 1000 466 1072 hodie
480 1001 609 1072 ecclesia
622 1000 732 1072 dicitur
746 1002 820 1072 etin
839 1001 947 1074 eadem
961 1002 999 1074 ad
1014 1003 1119 1074 hono-

263 1159 330 1204 rem
346 1134 404 1204 Dei
421 1134 485 1232 ipsa
505 1160 521 1204 a
539 1132 682 1206 fidelibus
701 1135 871 1206 invocatur.
924 1137 1026 1220 Quum
1043 1161 1120 1207 vero

263 1265 371 1336 familia
380 1264 537 1361 cujusdam
551 1265 741 1336 memorandi
754 1265 868 1350 militis,
880 1267 1026 1338 Herberti
1035 1268 1120 1339 vide-

263 1398 332 1468 licet
345 1397 384 1470 de
396 1398 515 1482 Furcis‚
532 1423 589 1495 per
601 1397 691 1494 hujus
708 1399 772 1469 luca
788 1397 959 1470 diverteret
970 1425 1119 1496 campes-

261 1532 328 1614 tria,
349 1545 383 1602 ut
399 1531 439 1602 de
455 1557 516 1602 una
532 1531 691 1601 mansione
709 1531 748 1601 ad
766 1531 855 1601 aliam
874 1529 1005 1602 deberet
1024 1559 1119 1602 man-

262 1664 379 1734 sionem
409 1663 512 1734 militis
539 1663 687 1748 tendere,
714 1663 857 1762 quaedam
884 1678 1023 1735 matrona
1048 1691 1118 1763 qum

260 1797 374 1868 liberos
396 1798 463 1894 ejus
483 1796 616 1868 educare
638 1811 862 1881 consueverat,
887 1798 993 1868 orandi
1021 1800 1117 1894 gratia

261 1928 355 1998 voluit
376 1927 513 1998 introire.
572 1926 797 2000 Consudalibus
819 1943 923 2000 autem
947 1930 1011 2000 suis
1038 1956 1117 2028 per-

262 2059 392 2132 suadere
414 2087 477 2132 non
500 2062 597 2158 potuit
614 2073 647 2131 ut
664 2061 826 2158 quisquam
844 2061 883 2133 ad
900 2063 1047 2134 arationis
1063 2064 1118 2135 do-

259 2219 344 2263 mum
356 2218 462 2264 seeum
475 2191 569 2262 vellet
579 2192 761 2289 procedere,
775 2205 806 2262 et
816 2205 932 2264 sanctae
944 2193 1116 2266 devotionis

260 2325 290 2395 in
314 2353 365 2396 ara
389 2325 502 2396 mentis
526 2325 658 2396 Domino
686 2325 800 2397 vitulos
824 2327 994 2396 immolare.
1047 2329 1116 2424 lpsa

260 2457 395 2542 tandem,
412 2470 491 2529 tacta
507 2457 639 2555 Spiritus
654 2457 757 2528 Sancti
775 2458 883 2553 gratia,
897 2459 1116 2556 propriumque

259 2591 416 2690 complere
427 2590 566 2686 gestiens
579 2589 778 2672 desiderium,
793 2589 965 2684 ingreditur
976 2603 1009 2660 ut
1021 2604 1117 2662 tutam

259 2750 294 2795 se
325 2737 438 2796 mactet
466 2723 689 2794 holocaustum.
754 2721 862 2819 lllapsa
894 2722 973 2793 intra
1004 2725 1114 2795 ostium

258 2856 394 2940 soemina,
410 2854 561 2952 repressit
572 2853 633 2924 cito
646 2853 822 2948 vestigium3
836 2852 907 2924 hinc
918 2853 1000 2924 enim
1014 2867 1116 2926 terror

257 2988 338 3058 illam
363 2999 561 3086 percusserat
586 2986 744 3071 mirabilis
773 2999 805 3057 et
829 2985 900 3056 inde
922 2985 1115 3058 confortabat

255 3123 333 3194 visio
359 3123 506 3193 coelestis.
556 3121 740 3193 Considerat
765 3145 898 3218 namque
922 3136 993 3192 ante
1017 3123 1112 3193 altare

255 3255 408 3351 virginem
433 3255 561 3325 orationi
584 3255 764 3324 incumbere
781 3253 1024 3351 praecellentem,
1052 3279 1112 3324 cu-

250 3389 302 3484 jus
313 3401 375 3458 tam
384 3400 515 3459 venusta
525 3403 592 3458 erat
603 3386 724 3484 speeies
733 3399 765 3456 et
776 3399 838 3456 tam
852 3385 962 3456 decora
975 3384 1112 3482 pulchri-

253 3519 338 3605 tud0‚
357 3521 440 3618 quod
458 3520 592 3590 humano
612 3518 755 3616 explicari
773 3543 835 3588 non
852 3529 959 3614 posset
975 3517 1107 3614 eloquin.

253 3652 331 3736 Quae
339 3652 534 3724 manualtera
548 3650 736 3749 praeferebat
746 3648 1106 3746 psalteriumetcereum

253 3785 348 3856 altera
361 3785 502 3880 gestabat
515 3809 691 3854 accensum.
721 3781 782 3864 Sic,
795 3806 865 3851 cum
875 3780 986 3850 talibus
998 3780 1110 3850 instm-

252 3918 366 3987 mentis
390 3917 517 3987 inservit
542 3918 631 4011 virgo
656 3914 845 3985 orationibus
870 3913 975 3994 sacris
1001 3913 1109 3982 mulier
