3012 5040
415 697 480 762 100
512 689 516 694 ⁵
587 683 595 706 ‘
620 718 902 762 nrrsronnnmmnrr
916 717 1048 760 nosrnnn.

433 977 633 1046 EPISTULA
656 979 762 1046 LVlll.
779 1020 825 1028 —
843 978 968 1046 luamus
992 1003 1028 1046 no
1054 977 1238 1044 Hrarmrmr.

611 1177 762 1245 Hrnrnrro
779 1201 909 1244 nrrscoro
925 1176 1059 1243 luamus.

459 1414 493 1480 F.
523 1410 654 1479 Domino
681 1410 822 1506 patrique
851 1435 908 1479 suo
933 1410 1090 1478 Herberto
1120 1406 1269 1502 episcopo

409 1567 484 1610 suus
495 1541 522 1609 J.
536 1563 661 1609 omnem
676 1539 806 1608 salutem
818 1551 850 1608 et
862 1538 1080 1608 obedientiam.
1105 1539 1269 1634 Oportuno

408 1685 561 1768 tempore,
575 1669 647 1740 licet
663 1694 747 1750 sero,
762 1681 846 1738 tuam
871 1668 986 1766 accepi,
1010 1669 1051 1738 mi
1073 1681 1172 1764 pater,
1197 1665 1271 1763 epi-

410 1803 530 1873 stolam.
582 1804 660 1872 Cum
674 1801 756 1871 enim
770 1803 868 1872 Roma
882 1801 1047 1884 redissem,
1064 1816 1178 1871 etcum
1190 1825 1269 1870 coe-

410 1935 551 2033 qualibus
560 1910 638 2004 meis
649 1949 794 2031 tanquam
805 1949 952 2031 receptus
962 1935 993 2004 in
1004 1935 1134 2032 patriam
1144 1932 1269 2003 exulta-

410 2093 489 2147 rem,
501 2066 657 2137 nuntiatus
668 2081 716 2136 est
731 2065 803 2134 mibi
817 2079 948 2163 repente
958 2091 1070 2136 recens
1083 2080 1115 2136 et
1125 2065 1271 2162 inspera-

410 2211 460 2267 tus
470 2197 577 2267 matris
585 2220 663 2266 meae
675 2194 835 2277 decessus,
849 2195 912 2291 qui,
924 2195 1079 2268 nimirum.
1093 2221 1131 2265 eo
1143 2195 1270 2291 gravius

410 2353 461 2398 mc
478 2327 628 2424 gravavit,
646 2351 708 2424 quo
726 2325 799 2395 mibi
813 2337 861 2394 est
874 2325 1078 2396 miserabilius
1095 2325 1266 2396 indonatus

408 2462 493 2531 Ante
507 2459 580 2530 mibi
596 2485 683 2528 mors
696 2484 788 2556 quam
806 2460 874 2554 ejus
886 2457 1049 2528 infirmitas
1066 2473 1115 2529 est
1131 2472 1267 2542 narrata,

410 2595 557 2692 priusque
582 2606 715 2662 mortem
739 2616 832 2688 quam
856 2591 966 2660 mortis
990 2616 1115 2660 causam
1142 2591 1264 2686 a'gnovi.

410 2725 554 2798 Conludit
571 2723 714 2819 gaudium
731 2747 836 2792 meum
853 2721 973 2793 subitus
988 2721 1088 2806 dolor,
1108 2736 1270 2820 totumque

410 2857 618 2956 praecedentis
641 2856 737 2926 risum
756 2855 870 2926 laetitiae
889 2879 1028 2950 sequens
1046 2855 1076 2924 in
1097 2855 1212 2926 luctum
1230 2855 1272 2925 ita

413 2989 550 3073 mutavit,
573 3002 606 3058 ut
629 2987 741 3057 eodem
761 3011 843 3084 pene
863 3001 1023 3057 momento
1043 2985 1271 3085 lachrymarum

414 3121 529 3190 rivulos
558 3119 784 3190 admirarentur
814 3144 876 3216 qno
902 3119 999 3189 risum
1027 3118 1186 3188 audierant
1218 3119 1271 3214 qui

412 3252 563 3322 astabant.
617 3252 737 3322 Contuli
762 3277 812 3322 me
836 3252 903 3322 siue
925 3277 1012 3322 mora
1040 3252 1071 3321 in
1096 3250 1271 3322 cubiculum

410 3407 528 3467 mcum,
540 3396 574 3453 ut
585 3381 683 3452 dolori
695 3382 836 3452 licentius
845 3381 1056 3452 satisfacerem
1069 3396 1101 3452 et
1113 3407 1268 3452 vacarem.

412 3517 487 3584 Post
503 3514 636 3585 triduum
656 3529 759 3586 autem
782 3514 884 3585 obluta
911 3528 959 3585 est
982 3513 1055 3584 mibi
1076 3529 1138 3584 tuae
1161 3514 1273 3610 pagina

412 3646 579 3732 charitatis,
604 3672 643 3716 ex
661 3673 720 3744 qua
744 3647 839 3718 menti
860 3671 941 3717 meae
969 3661 1053 3718 tanta
1076 3661 1200 3718 tuorum
1223 3663 1273 3718 est

413 3778 603 3876 eloquiorum
615 3778 713 3848 inlusa
724 3779 869 3864 suavitas
884 3792 916 3849 ut
930 3793 979 3849 tua
994 3806 1097 3850 meum
1112 3780 1274 3850 videretur

412 3910 509 3980 oratio
530 3908 669 4003 mitigare
688 3909 838 3994 dolorem,
861 3925 890 3981 et
910 3912 966 3981 nisi
989 3915 1073 3982 lleus
1095 3911 1276 3983 humilitatis
