3050 5040
423 683 467 750 50
630 705 765 750 urrsrmn
779 705 912 751 unnrnnrr
928 707 1060 752 rosrnon.

421 861 506 932 debit
524 862 613 932 vobis
635 862 730 932 frater
753 876 784 932 ct
802 861 882 933 lilius
899 877 1007 934 noster
1024 863 1211 934 Starnardus
1228 865 1281 958 qui

423 1010 597 1091 praesentes
615 993 733 1064 litteras
751 994 841 1064 vobis
858 995 966 1065 attulit.

422 1229 625 1299 El'lSTOLA
635 1231 750 1299 XXVl.
765 1229 853 1300 -An
862 1231 1013 1301 Rooumuu
1023 1231 1282 1300 Sanusnnmnnsuu.

571 1429 699 1497 Roonmo
716 1452 767 1497 suo
786 1427 1002 1496 Sannsmmnusr
1025 1451 1136 1496 msrom

514 1561 681 1629 Hunauart's
699 1584 751 1629 SUA
764 1559 964 1630 Nonwlcunsts
982 1584 1044 1628 otts
1059 1583 1193 1629 saturnu.

475 1789 541 1858 Etsi
555 1789 637 1858 omni
651 1804 792 1887 tempore
806 1803 922 1861 vestrae
936 1791 1163 1888 procurationis
1177 1791 1288 1862 sollici-

429 1919 501 1989 tudo
515 1920 592 1989 meis
606 1918 832 1991 infirmitatibus
849 1921 1026 1991 necessaria
1037 1935 1097 2006 est,
1110 1921 1168 1992 hoc
1181 1936 1286 1992 tamen

428 2049 571 2134 articulo,
600 2077 662 2148 quo
688 2064 719 2120 et
740 2051 931 2146 aegritudinis
954 2052 1062 2148 alligor
1084 2053 1224 2138 vinculis,
1253 2067 1287 2124 et

429 2183 644 2254 vehementior
659 2181 832 2253 adversitas
847 2183 947 2267 saevit‚
965 2196 1101 2254 vestram
1116 2183 1287 2281 paternita-

431 2329 495 2386 tem
514 2315 655 2388 obnixius
678 2340 775 2386 exoro
793 2328 827 2386 ut
849 2340 942 2411 quem
961 2315 1111 2387 hactenus
1129 2330 1212 2388 stare
1232 2317 1245 2387 l
1262 2361 1285 2370 -

431 2447 527 2532 cistis,
540 2460 730 2546 prostratum
742 2444 835 2517 modo
849 2446 1003 2519 nullorum
1020 2447 1218 2544 occupatione
1232 2473 1288 2518 ne-

432 2578 584 2673 gotiorum
600 2577 784 2675 despiciatis.
830 2576 936 2647 Clamo
945 2575 984 2646 ad
993 2589 1125 2674 patrem,
1138 2577 1236 2650 clamo
1247 2577 1287 2648 ad

432 2724 600 2808 pastorem,
621 2724 652 2780 et
671 2710 716 2780 eis
736 2709 923 2780 clamoribus
942 2735 1020 2806 quos
1033 2710 1155 2781 sancilrs
1170 2710 1289 2780 animus

433 2841 576 2912 emittere
594 2839 683 2912 solet.
736 2842 917 2925 Penetrent,
937 2841 1080 2925 obsecro,
1099 2867 1179 2912 meae
1194 2867 1290 2912 voces

432 2973 594 3044 anxietatis
607 2985 725 3043 vestrae
734 2971 783 3068 pia
791 2971 964 3070 praecordia
977 2973 1179 3070 paternitatis.
1209 2975 1290 3044 Con-

434 3105 538 3176 lractis
562 3105 672 3188 cauliS,
699 3103 870 3174 crudelium
894 3117 985 3202 pateo
1005 3104 1151 3176 dentibus
1172 3089 1291 3177 bestia-

436 3262 516 3318 rum,
533 3248 565 3306 et
578 3235 635 3304 nisi
647 3246 752 3305 vestra
764 3233 890 3305 munitio
903 3234 1076 3306 clementer
1088 3235 1287 3320 succurrerit,

436 3366 586 3439 exhibeor
597 3365 787 3439 dilaniandus
796 3367 984 3439 irruentibus
993 3368 1131 3439 inimicis.
1168 3368 1294 3440 Videbit

435 3514 540 3572 vestra
571 3499 727 3570 miseratio
759 3499 831 3597 quid
865 3525 930 3570 suae
960 3500 1028 3571 ovis
1059 3500 1294 3596 allegationibus

438 3633 570 3704 relatura
591 3633 647 3715 sit;
668 3657 729 3727 ego
749 3631 839 3729 plane
855 3657 995 3702 mearum
1013 3632 1201 3704 anxietatum
1220 3657 1295 3702 con-

438 3764 503 3834 silia
521 3764 645 3835 omnino
658 3765 798 3862 relinquo
814 3765 914 3836 vobis.
969 3767 1003 3836 ln
1021 3767 1114 3836 terris
1131 3765 1210 3835 meis
1222 3764 1296 3834 exi*

439 3912 552 3992 guntur
561 3898 779 3996 quinquaginta
789 3900 877 3970 librae
889 3925 945 3995 pro
958 3899 1085 3996 placitis,
1094 3925 1165 3970 cum
1176 3923 1299 3970 earum-
