3038 5036
448 713 560 758 osorum
576 713 612 758 nu
630 713 721 758 casos
738 713 886 758 urrsrouu.
1028 691 1095 758 463

238 866 327 936 matis
340 867 378 938 erl
388 870 507 964 jugum.
564 869 638 952 Sed,
654 870 743 940 nobis
754 870 862 964 gratia,
872 870 1010 968 AEgyptii
1026 895 1098 968 per-

240 998 363 1070 solvunt
384 1001 531 1071 tributum
587 1060 591 1069 .
651 1061 655 1069 .
713 1057 718 1070 .
776 1023 813 1069 .‘
838 1061 1095 1072 .....

287 1349 487 1419 Erts'rotn
510 1351 654 1418 XXVlll.
671 1392 718 1400 —
735 1349 783 1421 Ao
788 1407 1045 1418 .....

288 1531 479 1629 Obsequium
500 1533 682 1602 Parthorum
706 1533 833 1626 regibus
855 1531 992 1604 debitum
1017 1560 1099 1606 novo

239 1663 293 1732 tibi
316 1663 407 1735 lrodie
426 1691 648 1736 consecramus
669 1665 829 1762 obsequio.
887 1723 892 1733 .
950 1724 955 1734 .
1010 1669 1098 1738 Nova

240 1794 401 1880 festivitas,
429 1823 526 1866 novas
550 1796 604 1866 tibi
621 1795 745 1866 delicias
763 1793 886 1866 Christo
912 1812 1098 1892 resurgente

241 1929 404 2000 cumulavit
409 1986 666 1998 .....
720 1927 901 1999 Avunculus
918 1941 990 1999 tuus
1003 1955 1099 2026 egre-

241 2061 309 2156 gius
322 2062 442 2132 Domini
457 2061 604 2132 sacerdos
617 2060 787 2130 Anselmus
791 2119 1094 2134 ......

239 2196 270 2264 N
272 2219 289 2264 e
303 2193 428 2265 differas
444 2194 613 2265 solenniter
626 2194 744 2290 absque
758 2192 879 2263 fastidio
892 2194 1000 2289 legere
1017 2197 1097 2293 quod

241 2327 281 2398 de
297 2341 358 2398 tarn
376 2327 495 2398 solenni
513 2327 580 2398 viro
598 2327 720 2396 noviter
736 2326 863 2421 contigit
878 2353 936 2397 nos
953 2328 1097 2400 audiisse.

241 2461 396 2554 Rogerus,
413 2485 451 2529 ex
462 2459 641 2529 Sumeriaoo
657 2457 857 2528 Normanniae
871 2457 983 2555 oppido
997 2485 1100 2554 gene-

241 2591 322 2661 rosis
338 2591 489 2662 natalibus
506 2590 664 2674 oriundus,
685 2590 732 2660 vir
748 2589 830 2660 inter
842 2590 1016 2685 Anglorum
1030 2619 1100 2689 pro-

239 2749 330 2793 ceres
352 2709 494 2795 maximae
516 2736 584 2794 erat
603 2723 792 2794 auctoritatis
816 2737 849 2793 et
866 2723 968 2806 lamae,
991 2738 1098 2822 utpote

241 2856 287 2926 vir
302 2856 463 2952 lougaevus
481 2869 512 2927 et
529 2870 593 2927 tota
611 2857 715 2926 seculi
728 2855 891 2926 honestate
906 2855 1054 2954 praeditus
1068 2870 1099 2928 et

243 3011 346 3056 rerum
366 2988 560 3060 saecularium
573 2989 668 3086 copiis
681 2989 806 3087 copiose
819 2988 972 3059 suffultus.
1026 2989 1095 3073 Hie,

241 3145 335 3216 quum
353 3120 479 3191 nimium
501 3135 659 3219 proveotae
677 3122 785 3192 luisset
803 3122 903 3193 aetatis
923 3121 954 3192 in
973 3121 1100 3192 conses-

242 3249 328 3320 sione
341 3275 427 3321 verae
447 3249 530 3335 fidei,
551 3251 633 3321 viam
653 3251 809 3322 universae
825 3250 927 3322 earnis
939 3250 1100 3346 ingressus

242 3396 292 3453 est
309 3396 341 3453 et
358 3382 469 3480 plenus
481 3383 601 3454 dierum
614 3383 645 3453 in
663 3396 824 3454 senectute
839 3384 921 3453 bona
938 3382 977 3452 ad
995 3395 1100 3480 patres

240 3539 314 3584 suos
323 3514 491 3612 appositus.
544 3515 662 3610 Conjux
675 3538 753 3584 vero
765 3513 844 3584 illius
858 3527 890 3584 et
903 3512 967 3597 filii,
985 3512 1100 3584 domini

241 3658 273 3714 et
296 3646 393 3742 patris
412 3646 458 3716 sui
480 3645 689 3729 intendentes
712 3670 751 3715 ex
771 3670 809 3714 eo
829 3644 917 3716 valde
937 3645 1100 3716 funebrem

241 3776 394 3873 planctum
422 3776 537 3848 devoto
560 3801 616 3874 per
641 3775 742 3846 omnia
773 3775 956 3846 comitantur
985 3775 1096 3846 officio

240 3907 290 3978 Ad
312 3909 535 3981 monasterium
552 3934 629 4004 ergo
644 3909 729 4004 justa
747 3909 891 3980 Savinnae
910 3907 1048 3991 lluvium,
1071 3907 1100 3976 in
1183 3941 1185 3947 ,
