3012 5040
418 694 487 765 tlt
623 720 737 768 osnnur
753 722 788 768 nn
807 723 898 768 crana
916 723 1062 770 nrrsrouu.

414 877 520 949 turalis
540 877 631 973 igitur
651 880 776 974 generis
795 881 944 978 cujusque
966 880 1095 952 allectus
1115 881 1197 979 quod
1216 882 1276 952 sibi

415 1009 572 1108 proprium
590 1023 650 1095 est,
674 1025 726 1082 aut
745 1024 826 1082 amat
845 1025 897 1084 aut
917 1012 991 1082 odit.
1041 1013 1131 1084 Unde
1149 1013 1276 1114 quidam

417 1153 457 1211 art
478 1170 484 1210 :

478 1307 551 1366 Quod
564 1312 658 1358 natura
672 1311 761 1370 negat,
775 1319 827 1356 non
840 1311 943 1358 tantum
957 1307 1043 1358 bellua
1057 1307 1145 1371 laentt;

416 1486 448 1543 et
465 1485 498 1544 ut
514 1473 643 1544 Flaccus
660 1472 701 1542 ait
720 1499 726 1540 :

479 1641 604 1688 Naturam
616 1637 732 1700 expellas
743 1638 828 1699 turea,
841 1641 928 1688 tanuen
942 1652 1024 1701 usque
1035 1645 1162 1691 recurret.

414 1807 458 1876 Te
480 1805 580 1903 ipsum
599 1806 704 1904 utique
727 1807 753 1876 si
772 1807 870 1878 velles
890 1806 1048 1891 cohibere,
1068 1833 1128 1878 non
1148 1833 1272 1905 posses

415 1937 488 2036 quin
506 1937 536 2007 in
555 1937 738 2034 adjutorium
757 1963 860 2010 meurn
879 1939 970 2009 etiarn
991 1965 1054 2010 non
1071 1953 1197 2035 rogatus
1219 1966 1276 2010 as-

415 2092 573 2164 surgeres.
636 2071 703 2139 Hoc
728 2068 797 2164 agit·
816 2081 924 2140 natura
950 2093 1108 2164 germanae
1132 2069 1272 2166 originis,

414 2199 462 2270 cui
479 2224 585 2272 eomes
601 2199 754 2272 individua
769 2225 843 2272 vera
861 2224 986 2298 semper
1003 2225 1075 2272 esse
1092 2201 1187 2272 debet
1199 2202 1276 2274 ami-

415 2329 493 2402 citia.
521 2333 569 2402 De
581 2331 763 2403 liberalitate
777 2331 859 2402 enirn
872 2331 962 2402 animi
977 2344 1008 2402 et
1017 2331 1165 2428 sanguine
1179 2357 1277 2428 gene-

416 2488 488 2534 roso
505 2488 656 2561 nusquam
672 2461 868 2533 inhonestum
885 2475 1067 2560 procreatur
1084 2463 1272 2561 exemplum.

309 2669 313 2680 ,
415 2594 498 2690 Agat
510 2619 588 2690 ergo
603 2593 772 2692 paternitas
789 2607 839 2664 tua
851 2592 934 2690 quod
951 2606 983 2663 et
1000 2618 1100 2689 genus
1112 2592 1275 2680 hortantur

415 2740 447 2797 et
462 2751 579 2811 mores,
593 2738 625 2796 et
638 2725 716 2797 sieut
732 2724 911 2820 charactere
928 2750 999 2796 meo
1016 2739 1049 2797 et
1065 2725 1176 2796 litteris
1193 2725 1275 2796 ami-

414 2885 521 2931 corum
535 2857 722 2954 suggeritur,
737 2883 861 2928 oausam
874 2871 1012 2929 nostram
1025 2881 1096 2955 quae
1108 2856 1275 2928 multorum

415 3004 464 3063 est
486 2990 564 3062 adeo
584 2991 616 3060 in
641 2989 801 3088 tranquilla
828 2989 970 3073 statione,
998 3014 1162 3087 compone,
1186 3002 1275 3059 utet

414 3121 516 3194 aemuli
533 3135 565 3193 et
587 3147 768 3193 corrosores
790 3134 928 3194 nostram
944 3122 1100 3192 intuentes
1116 3120 1275 3193 victoriam

413 3255 651 3339 contabescant,
677 3267 709 3324 et
731 3253 820 3324 amici
842 3253 940 3324 nostri
965 3253 1005 3324 de
1029 3253 1101 3324 novi
1122 3251 1276 3350 pontificis

415 3389 597 3460 strenuitate
619 3385 764 3456 laetentur
783 3397 815 3455 et
832 3384 995 3481 gaudeant.
1048 3384 1158 3456 Valeat
1179 3409 1276 3454 sere-

415 3519 494 3590 nitas
516 3531 566 3590 tua
583 3543 641 3616 per
661 3518 756 3588 multa
774 3542 925 3588 annorum
946 3514 1093 3613 pericula,
1117 3527 1150 3584 et
1170 3529 1277 3612 perte

416 3650 599 3723 sacrificium
615 3653 694 3736 Deo,
713 3675 771 3748 pro
784 3649 915 3720 eeclesia
928 3674 982 3718 sua
1000 3648 1149 3718 offeratur
1163 3671 1279 3745 aceep-

415 3777 492 3868 tum}
513 3782 596 3881 quod
609 3783 640 3853 in
658 3793 760 3853 morte
773 3781 854 3852 Abel
870 3792 902 3851 et
918 3778 1091 3852 sacerdotio
1103 3778 1277 3852 Melchise-

416 3914 495 3987 dech
512 3914 563 3986 diu
581 3926 652 3985 aute
671 3912 774 4011 legem
793 3931 840 3985 est
858 3911 1101 4011 praefiguratum.
