3012 5040
500 731 610 778 osrrmr
629 731 662 777 mr
681 731 771 778 curua
788 723 935 778 urrs'roma.
1078 708 1146 781 tlt

288 916 328 961 ex
349 889 440 960 amita
458 890 555 985 cujus,
580 887 707 959 illustris
731 889 838 984 regina
863 887 1006 959 videlicet
1025 890 1146 973 Emma,

290 1034 414 1092 sanctus
435 1019 611 1092 Edwardus
634 1033 815 1117 procreatus
838 1021 943 1091 exivit.
997 1021 1148 1092 Praelatus

289 1167 392 1227 autom
415 1153 686 1224 victoriosissimus
705 1154 852 1251 princeps
874 1152 1006 1224 Adelam
1031 1154 1149 1250 genuit,

290 1310 360 1383 quae
379 1285 519 1383 preciosa
537 1297 569 1355 et
587 1285 716 1380 insignis
732 1285 840 1380 virago
857 1311 895 1355 ex
917 1285 1074 1383 Stephano
1095 1312 1153 1356 co-

291 1420 364 1490 mite
382 1419 518 1490 Palatino
537 1444 652 1516 sponso
671 1445 727 1488 suo
746 1418 861 1490 liberos
879 1418 1025 1516 suscepit,
1044 1420 1152 1516 ponti—

291 1551 427 1649 ficesque
442 1565 474 1621 et
490 1576 584 1647 reges
602 1564 634 1621 et
647 1550 792 1622 consules
810 1550 840 1620 in
857 1550 957 1622 lucem
975 1550 1153 1647 temporalis

292 1697 379 1754 ortus
392 1681 509 1752 alludit.
563 1684 650 1765 Haec‚
672 1681 821 1779 depositis
838 1680 951 1752 inllalae
968 1681 1069 1752 camis
1087 1669 1153 1752 las-

292 1817 372 1887 tibus
397 1829 429 1886 et
450 1841 584 1912 purpura
610 1813 717 1910 gloriae
743 1814 900 1885 saecularis
922 1814 1052 1909 abjecta,
1073 1813 1153 1912 apud

290 1949 503 2020 Martiniacum
523 1961 554 2018 et
572 1947 720 2018 saeoulum
737 1947 809 2018 vicit
827 1961 859 2018 et
878 1973 998 2019 sexum.
1052 1951 1099 2020 Eo
1122 1950 1152 2020 iu

291 2080 358 2151 loco
385 2081 442 2152 sibi
476 2092 614 2150 statuens
644 2079 829 2164 Jerusalem,
863 2094 1007 2177 tauquam
1036 2082 1153 2178 Regina

293 2214 384 2295 Saba,
399 2239 508 2308 regem
521 2211 593 2283 adiit
610 2212 820 2296 Salomonem,
836 2240 911 2283 auro
928 2227 959 2283 et
976 2227 1106 2310 argento
1123 2228 1162 2284 et·

294 2347 425 2442 gemmis
442 2361 563 2431 onusta,
584 2360 616 2416 et
636 2346 755 2417 sincera
775 2347 889 2417 mentis
906 2362 1041 2434 aromata
1059 2348 1116 2419 del
1133 2393 1154 2402 —

295 2505 368 2550 rcus
382 2479 532 2578 pretiosa;
548 2503 619 2576 quae
632 2478 732 2549 locuta
746 2492 795 2549 est
807 2479 835 2548 ei
854 2479 955 2550 omnia
971 2503 1041 2576 quae
1055 2477 1155 2550 habe-

295 2613 347 2683 bat
360 2613 390 2682 in
404 2612 499 2683 corde
518 2638 585 2695 suo,
607 2626 638 2682 et
655 2638 672 2681 a
690 2624 775 2682 tauto
793 2637 870 2708 rege
887 2611 1021 2682 diversis
1037 2637 1154 2681 muue-

294 2742 506 2821 ratadonariis
515 2741 713 2839 praemiorum
726 2741 938 2839 spiritualium,
958 2741 988 2811 in
1002 2754 1154 2842 aetcruum

295 2889 459 2970 regnatura
478 2899 548 2944 cum
569 2872 713 2956 Donum,
733 2873 906 2945 introducta
921 2888 970 2945 est
991 2875 1155 2944 interram

296 3006 477 3077 viventium.
910 3045 926 3080 ι

344 3140 450 3235 Igitur,
465 3139 535 3236 quia
548 3139 705 3236 prolixitas
719 3139 891 3237 epistolaris
906 3139 1000 3210 finem
1017 3138 1155 3210 debitum

296 3272 438 3368 postulat,
472 3285 598 3342 moveat
630 3271 783 3342 officinam
817 3273 953 3369 pectoris
984 3273 1081 3343 vestri
1116 3271 1153 3342 ad

295 3429 433 3474 amorem
450 3403 525 3474 tanti
538 3403 623 3498 regis
640 3404 887 3498 consanguineus
899 3404 1000 3474 carnis
1013 3403 1152 3487 allectus,

456 3504 464 3526 a

296 3549 328 3606 et
346 3563 403 3633 per
418 3532 475 3607 vos
488 3537 558 3632 'ejus
576 3535 744 3606 celebritas
762 3535 792 3604 in
809 3535 923 3606 mundo
940 3536 1155 3606 manifestetur

295 3668 478 3754 hominibus
494 3671 544 3767 qui
563 3671 592 3740 in
606 3669 785 3740 coelostibus
803 3668 882 3766 apud
897 3694 1028 3766 superos
1045 3683 1154 3764 regnat

294 3827 364 3872 cum
375 3803 492 3898 angelis
508 3804 575 3872 Deo
594 3815 699 3897 gratus
715 3813 745 3888 ot
758 3827 858 3871 carus.
901 3802 941 3870 Et
958 3801 1026 3897 quia
1043 3800 1154 3896 digna-

295 3935 335 4005 tio
362 3936 531 4032 majestatis
563 3949 678 4005 vestrae
708 3934 861 4004 sententia
890 3933 1071 4031 alloquenda
1104 3947 1151 4002 est
