3050 5040
462 709 892 756 rrrsronnarnnunrrmsmoa.
1061 691 1106 760 23

245 869 1109 968 tiumlatentesinsidiasevitarepervaleas:toracepec-

245 1000 1108 1100 tusetgaleatunmmuniendumestcapnt,netuiscogi-

246 1134 1108 1233 tationibusantiquusserpenssuaemalitiaevirusinlun-

245 1266 308 1349 dat,
320 1279 422 1337 tuave
434 1265 547 1336 mentis
564 1266 756 1337 excellentiae
770 1266 918 1363 quidlibet
928 1266 1107 1340 dilbdentiae

245 1425 353 1470 saxum
379 1397 483 1468 illidat.
537 1396 604 1471 Fili,
625 1397 728 1468 militia
751 1411 800 1467 est
817 1411 933 1470 vestrae
952 1398 1108 1494 religionis

244 1532 318 1614 vita,
333 1543 365 1602 et
380 1543 536 1628 praesente
551 1531 629 1609 Deo,
647 1530 919 1627 prospectantibus
929 1531 1058 1626 angelis.
1077 1531 1107 1601 in

245 1664 327 1734 circo
349 1663 439 1759 hujus
460 1661 565 1733 mundi
585 1661 788 1765 invisibilibus
808 1675 841 1733 et
863 1661 933 1734 ideo
952 1661 1107 1734 crudelio-

245 1796 332 1866 ribus
352 1795 461 1896 bestiis
480 1792 676 1890 exponimur.
729 1793 843 1891 Arripc
866 1794 1010 1891 clypeum
1027 1795 1109 1865 obe-

245 1927 381 2009 dientiae,
402 1925 565 2020 accingere
586 1923 686 2019 gladio
711 1925 877 2022 patientiae,
901 1926 989 1996 vibra
1006 1927 1108 2023 provi-

245 2061 361 2132 dentiae
373 2060 523 2143 lanceam,
540 2058 596 2129 sed
610 2084 680 2129 eam
693 2059 741 2129 cui
754 2059 958 2131 insolubiliter
967 2059 1109 2156 alligetur

245 2192 415 2264 Dominicae
428 2192 529 2264 crucis
543 2190 700 2263 vexillum.
760 2190 908 2263 Ascende
924 2191 1110 2264 fortitudinis

246 2349 384 2406 currum,
404 2335 436 2392 et
456 2321 587 2392 veritate
606 2320 722 2416 auriga,
742 2320 782 2392 ad
799 2321 1000 2392 constitutum
1021 2322 1108 2393 evola

247 2455 398 2526 branium.
463 2453 650 2551 Adscriptns
668 2477 704 2524 es
727 2452 842 2524 militiae
862 2453 1018 2524 victoriosi
1039 2455 1108 2523 Im-

246 2587 400 2686 peratoris
412 2588 499 2684 cujus
514 2610 647 2681 regnum
663 2584 836 2656 immortale
855 2584 956 2655 omnia
969 2585 1107 2656 mortalia

248 2733 395 2791 extenuat
417 2745 524 2816 regna.
579 2719 640 2788 Sua
663 2717 779 2789 ditione
799 2716 928 2812 singulis
945 2716 1109 2814 imponens

248 2853 501 2949 metas,suojnre
509 2850 701 2948 singulorum
711 2850 837 2947 fragiles
847 2848 1109 2920 submensexcel-

248 2984 516 3080 lentiasegressus
530 2980 657 3064 saeculo,
673 2981 703 3052 in
716 2981 827 3053 castris
840 2979 982 3052 ecclesiae
995 2980 1109 3078 qnaeris

248 3121 380 3213 pacem?
407 3114 471 3186 Sed
492 3141 551 3212 pax
566 3113 676 3197 multa,
697 3113 794 3210 inquit
812 3112 945 3210 Spiritus
963 3113 1106 3187 Sanctus.

247 3247 444 3344 diligentibus
457 3271 572 3317 nomen
584 3259 681 3328 tuum,
693 3245 837 3328 Domine,
849 3269 958 3342 paoem
972 3243 1108 3341 quaeris‘?

248 3379 312 3450 Sed
324 3391 494 3477 pugnatum
508 3378 670 3474 ingressus
683 3402 719 3448 es
735 3388 843 3447 contra
856 3374 1026 3446 invisibiles
1043 3375 1108 3472 spi-

248 3513 336 3596 ritus,
357 3537 397 3582 eo
416 3510 617 3582 immaniores
632 3535 694 3608 quo
706 3507 902 3591 occultiores,
924 3532 962 3577 eo
980 3507 1108 3576 exerci-

248 3644 375 3714 tatiores
400 3668 461 3740 quo
486 3642 526 3713 ab
554 3639 684 3711 exordio
713 3639 832 3738 peccati
856 3663 966 3709 eorum
988 3639 1108 3710 obortae

248 3789 321 3844 sunt
338 3773 503 3845 inimicitiae
523 3785 555 3842 et
572 3771 824 3870 perseverabunt
841 3768 996 3866 usquead
1013 3768 1108 3840 finem

247 3902 365 3987 mundi,
385 3916 438 3973 tuo
455 3914 562 3999 parcet
580 3900 719 3971 tirocinio
735 3912 905 3970 veteranus
926 3913 957 3968 et
979 3899 1109 3970 immor-
