3038 5036
463 749 575 794 osrsrm
591 748 626 794 ur
644 749 734 795 colui
751 749 899 798 arrsrors.
1042 732 1055 798 l
1065 725 1110 800 87

255 908 373 1002 gratiae‚
390 907 502 1006 quibus
520 921 552 979 ct
567 908 671 1004 Agno‚
687 909 842 1006 virgiumn
859 937 985 1009 sponso,
1003 911 1113 986 dilecta

253 1040 464 1136 cognosceris,
490 1054 523 1111 et
542 1068 613 1112 cara
637 1041 717 1114 haud
743 1043 943 1115 mediocriter
969 1045 1113 1142 supernis

252 1173 371 1246 civibus
403 1174 594 1271 approbaris.
649 1176 799 1246 Homines
833 1191 988 1274 praeterea
1016 1178 1112 1249 sancti

254 1318 361 1402 optant
376 1305 405 1375 in
424 1305 539 1377 mundo
555 1320 616 1378 tuae
635 1308 805 1378 sanctitatis
820 1308 1020 1379 familiaritate
1037 1335 1114 1406 per—

254 1435 322 1520 frui,
337 1449 369 1506 et
380 1436 568 1508 orationibus
579 1437 676 1508 sacris
687 1437 725 1508 ad
738 1443 877 1508 amorem
889 1440 1013 1537 superni
1024 1441 1112 1537 prin-

253 1569 328 1667 cipis
340 1570 510 1641 ferventius
522 1570 658 1642 accendi.
711 1569 865 1642 Profiteor
877 1571 969 1642 etiam
982 1597 1033 1642 me
1046 1598 1112 1670 prae

211 1723 213 1730 ’
253 1703 394 1786 caeteris,
426 1716 460 1774 ut
486 1703 624 1788 aestimo,
651 1717 712 1775 tuae
740 1702 903 1801 specialius
931 1703 1113 1800 virginitatis

253 1834 431 1906 innodatum
451 1835 619 1933 obsequiis,
640 1848 764 1933 tuaeque
783 1835 967 1931 singularius
983 1835 1112 1908 tinnulis

252 1966 433 2039 adstrictum
451 1966 558 2038 solidae
575 1967 606 2037 in
623 1966 747 2038 Christo
772 1967 958 2053 dilectionis
983 1968 1113 2064 insignis
1167 1971 1173 1986 ‘

252 2099 382 2172 Domina
395 2113 428 2171 et
440 2099 581 2198 specialis
594 2097 625 2168 in
637 2097 761 2170 Christo
774 2099 870 2196 gloria
882 2125 964 2185 mea,
978 2101 1112 2174 Matildis
1136 2083 1138 2088 ι

252 2233 293 2303 de
310 2236 456 2304 Darenta.
509 2232 598 2302 lllum
611 2232 669 2303 sibi
686 2233 788 2304 locum
804 2232 835 2303 in
851 2233 951 2304 anima
965 2258 1035 2304 moa
1052 2259 1112 2304 cx-

252 2340 412 2435 eellentius
436 2363 579 2447 vindicat,
602 2389 696 2462 quem
721 2362 875 2461 pulchrior
902 2377 935 2435 et
959 2365 1113 2436 celebrior

253 2495 359 2566 radius
377 2521 521 2594 supernae
542 2495 688 2567 claritatis
705 2493 829 2566 nitidius
846 2494 987 2567 illustrat.
1041 2495 1111 2567 Scio

253 2627 336 2697 enim
349 2627 430 2724 quod
448 2653 506 2699 usu
518 2626 695 2726 quotidiano
711 2627 779 2723 ejus
790 2626 871 2724 apud
883 2651 1015 2724 superos
1031 2652 1111 2697 ver-

254 2773 339 2830 satur
351 2759 490 2842 intentio,
507 2773 538 2830 et
550 2758 622 2830 licet
634 2759 666 2830 in
678 2784 810 2858 corpore
822 2784 893 2830 cum
906 2759 1019 2829 sanctis
1031 2758 1112 2856 apud

252 2892 415 2988 lllellingas
440 2906 643 2964 conversetur
665 2892 846 2988 virginibus,
874 2906 924 2962 est
948 2891 1111 2988 spiritualis

253 3023 321 3118 ejus
341 3023 536 3094 conversatio
553 3048 624 3095 cum
648 3021 697 3093 illa
714 3021 907 3093 sanctissima
931 3021 1050 3117 virgine
1071 3019 1110 3092 de

252 3178 313 3250 qua
335 3167 424 3225 uatus
442 3153 553 3252 prodiit
574 3155 676 3224 Homo
698 3157 783 3224 Deus
788 3211 1107 3223 ......

253 3285 355 3368 Quum
371 3296 474 3356 autern
491 3283 640 3382 scriptum
656 3297 707 3355 est

384 3437 497 3484 Numero
508 3437 577 3485 Deus
587 3435 687 3498 impare
698 3435 807 3498 gaudet,

252 3550 338 3622 disco
366 3551 515 3622 castitatis
541 3551 756 3622 excellentiam
782 3551 953 3650 septiformi
980 3552 1111 3650 Spiritus

253 3683 357 3754 Sancti
380 3683 488 3778 gratia,
514 3696 590 3766 etc,
608 3696 659 3754 etc
663 3741 1107 3753 ........

252 3815 320 3884 Nec
336 3813 552 3886 intellexerant
567 3839 607 3885 err
624 3814 737 3911 scripta
756 3814 827 3911 lege
849 3815 932 3913 quod
949 3813 1109 3914 Pythago-

253 3971 304 4016 ras
329 3945 510 4044 protulerat,
535 3945 680 4018 naturalis
700 3946 779 4042 legis
801 3946 929 4020 scientia
946 3946 1105 4018 dictante:
