3050 5040
437 736 481 802 ff)
647 756 783 800 xrtsxotnr
796 756 929 800 annotatt
943 757 1076 801 tostttoAE.

433 916 602 984 Daemones
618 914 836 1012 pascebantur,
856 927 889 983 et
907 913 1047 984 infelices
1062 912 1203 983 homines
1228 911 1289 981 fal-

433 1044 588 1124 lebantur,
601 1070 791 1143 suorumque
805 1045 842 1115 ad
857 1045 1058 1116 imitationem
1072 1045 1230 1118 numinum
1242 1071 1290 1114 as

433 1189 497 1248 tuta
514 1177 703 1272 malignitate
729 1177 984 1248 informabantur.
1039 1177 1131 1247 Venit
1149 1176 1291 1247 Salvator

433 1322 464 1379 et
481 1309 549 1379 fana
567 1309 693 1407 profana
712 1309 876 1393 subvertit,
891 1312 1059 1380 Daemones
1076 1309 1219 1406 expulsit,
1236 1333 1289 1378 ex-

432 1442 538 1538 pulsos
551 1442 692 1538 alligavit,
711 1455 803 1540 atque
815 1442 961 1513 ineffabili
975 1441 1130 1540 triumpho
1143 1467 1216 1512 suos
1231 1466 1289 1510 oo-

431 1573 566 1645 heredes
578 1587 706 1645 aeternan
725 1573 859 1645 restituit
876 1573 999 1643 civitati.
1052 1571 1154 1643 Ardet
1170 1571 1289 1669 Jupiter

430 1708 589 1806 perpetuis
599 1707 844 1804 condempnatus
852 1706 1011 1787 incendiis,
1022 1705 1113 1777 ardet
1125 1708 1242 1788 Venus,
1256 1718 1288 1774 et

429 1840 495 1936 ipsa
513 1840 612 1935 igneis
630 1839 749 1934 alligata
766 1838 902 1922 catenis3
922 1851 964 1912 et,
985 1839 1036 1935 qui
1058 1837 1174 1909 mundo
1189 1837 1287 1907 abre—

430 1971 636 2052 nunciavitet
645 1969 802 2040 Christum
811 1982 937 2040 secutus
947 1981 1007 2052 est,
1017 1967 1287 2064 lugetAdonidem

429 2117 462 2173 et
473 2101 687 2200 Ganymedem
703 2101 784 2172 colit.
810 2103 867 2170 Vae
883 2101 1097 2195 ignominiosae
1109 2099 1286 2198 turpitudini

429 2247 461 2304 et
479 2233 585 2305 sulfuri
605 2232 746 2328 flagranti
771 2231 819 2302 his
844 2233 894 2330 qui
916 2259 1004 2303 sacro
1023 2233 1206 2330 baptismate
1227 2258 1287 2302 ex-

429 2365 538 2436 tinctas
554 2363 727 2434 deletarum
745 2363 868 2434 urbium
886 2364 1074 2434 resuscitare
1092 2363 1231 2435 nituntur
1244 2364 1259 2434 f
1274 2407 1287 2415 -

426 2499 523 2569 villas.
582 2501 653 2568 Non
679 2511 796 2568 nostrae
825 2496 966 2568 excidant
990 2497 1148 2567 memoriae
1168 2497 1286 2568 illarum

427 2633 555 2702 arabum
575 2631 708 2713 urbium,
734 2655 812 2726 quas
836 2629 950 2726 antiqui
968 2630 1158 2728 Pentapolim
1174 2631 1286 2728 appel-

425 2763 542 2848 lavere,
558 2763 661 2846 exitia,
682 2787 812 2859 quarum
827 2762 985 2833 intuentes
998 2761 1281 2858 conflagrationem,

425 2895 536 2966 imitari
551 2895 777 2966 exhorreamus
795 2894 983 2992 exemplum.
1037 2894 1114 2978 Hiis,
1134 2907 1168 2966 ut
1189 2895 1285 2964 refert

425 3029 589 3128 Pompeius
612 3027 747 3112 interim,
767 3042 802 3100 ut
821 3027 861 3099 de
879 3042 986 3098 nostro
1010 3031 1121 3126 Moyse
1148 3044 1281 3111 taceam

425 3187 465 3232 ex
490 3163 613 3256 frugum
637 3161 788 3232 varietate
809 3160 1006 3245 abundantia,
1035 3187 1075 3232 ex
1100 3161 1285 3232 abundantia

424 3294 525 3378 luxus,
551 3320 590 3364 ex
617 3294 690 3365 luxu
717 3293 765 3363 illa
788 3293 1002 3364 abominabilis
1030 3292 1157 3363 inolevit
1178 3292 1282 3375 libido,

423 3453 515 3523 quam
534 3430 619 3498 Deus
636 3438 720 3496 tanta
739 3425 996 3496 exterminatione
1018 3425 1146 3510 delevit,
1167 3439 1284 3498 ut'non

422 3558 524 3628 solum
543 3557 696 3640 homines,
720 3555 776 3626 sed
800 3556 892 3626 etiam
915 3557 1012 3628 urbes
1033 3571 1065 3628 et
1086 3571 1186 3628 terras
1207 3584 1285 3654 quas

422 3689 614 3760 incoluerant
634 3687 789 3771 homines,
810 3688 972 3785 perpetuis
993 3688 1284 3784 conflagrationibus

421 3819 630 3906 oontraderet,
658 3822 759 3892 futura
783 3820 969 3918 praedoeens
997 3821 1120 3904 saecula,
1156 3845 1195 3890 ne
1222 3845 1283 3891 eo-

421 3981 491 4025 rum
509 3953 702 4023 imitarentur
714 3951 838 4047 flagitia,
859 3978 938 4049 quos
952 3952 1001 4022 tali
1015 3952 1282 4023 animadversione
