3012 5040
530 753 665 798 srrsronn
683 754 816 800 nnnnnnrr
833 756 964 802 nosrncn.
1132 735 1176 802 89

386 939 585 1060 deistunt
608 992 657 1060 Ll.
677 1035 723 1043 -
741 993 788 1062 Ao
806 993 966 1064 lnoonrnuu
984 1019 1111 1063 rnronnn.

525 1211 692 1281 Horremus
708 1211 849 1281 lneunrno
867 1235 968 1280 rnronr.

369 1442 594 1539 proposueram
611 1441 824 1513 Alexandrum
842 1441 976 1513 alienare
999 1469 1016 1512 a
1039 1443 1128 1513 uobis
1148 1455 1179 1512 et

315 1599 336 1642 a
361 1573 597 1644 conversatione
621 1586 743 1657 nostra,
774 1573 831 1643 sed
856 1597 921 1644 suae
943 1573 1179 1671 importunitatis

315 1705 489 1776 constantia
506 1731 610 1777 meum
624 1706 816 1804 propositum
830 1705 976 1777 emolluit.
1030 1707 1181 1805 Oppone-

316 1840 392 1910 bam
405 1839 432 1910 ei
450 1839 618 1936 girationes
634 1853 666 1911 et
682 1865 748 1912 suae
762 1839 934 1935 vagationis
951 1839 1105 1925 circuitus,
1123 1841 1181 1912 sed

317 1970 388 2068 ipse
411 1970 442 2040 in
464 1997 591 2042 suorum
611 1970 764 2066 ignaviam
782 1970 981 2068 praelatorum
1003 1970 1093 2068 hujus
1113 1973 1180 2044 cri-

318 2100 494 2174 minationis
511 2103 674 2173 reserebat
687 2101 842 2173 invidiam.
887 2103 1053 2199 Arguebar
1067 2104 1182 2176 solidos

317 2260 399 2331 quos
413 2261 469 2332 pro
487 2261 612 2305 suarum
626 2234 848 2332 scripturarum
859 2234 1018 2306 laboribus
1030 2251 1182 2333 expostu—

319 2367 453 2450 laverat3
479 2381 509 2438 at
531 2367 614 2438 idem
638 2366 697 2438 hoc
716 2367 886 2462 abnegans,
910 2368 941 2436 in
965 2380 1072 2438 nostro
1095 2369 1182 2439 victi-

320 2513 407 2571 tnum
420 2500 565 2584 claustro,
580 2499 647 2570 solo
660 2499 729 2570 cibo
745 2512 776 2569 et
789 2498 936 2569 vestitura
951 2524 985 2569 se
1002 2512 1181 2570 contentum

321 2631 602 2704 soreconlirmavit.
640 2631 742 2716 Unde,
755 2632 900 2716 obsecro,
913 2630 1045 2727 colligite
1055 2631 1182 2702 fratrem

320 2763 353 2832 in
376 2763 590 2836 communione
613 2779 645 2834 et
665 2763 815 2860 obsequio
837 2775 954 2846 vestro,
981 2763 1125 2860 quoniam
1151 2777 1184 2833 ut

320 2919 362 2964 ex
385 2895 523 2966 veterani
547 2895 685 2966 indurata
708 2895 844 2966 fatuitate
870 2893 1058 2992 desperatio,
1083 2895 1123 2964 ita
1143 2919 1182 2964 ex

321 3025 528 3097 adolescentis
552 3025 729 3096 lenitatibus
752 3025 909 3122 expectari
934 3037 1039 3122 potest
1060 3050 1183 3096 correc-

322 3157 376 3228 tio.
428 3159 519 3230 Vivat
535 3158 626 3253 igitur
640 3170 672 3228 et
689 3171 795 3228 servat
811 3160 879 3228 Deo
893 3157 990 3228 frater
1004 3157 1184 3228 Alexander

322 3290 354 3360 in
365 3289 457 3362 domo
471 3304 589 3375 nostra,
605 3303 637 3361 et
650 3291 689 3361 sit
702 3289 853 3361 obediens
870 3289 1037 3388 praeceptis
1054 3291 1180 3372 nostris,

323 3423 468 3520 quoniam
482 3423 560 3493 sicut
579 3422 690 3493 beatus
707 3421 895 3493 Benedictus
913 3421 1090 3517 evangelica
1107 3443 1186 3492 con-

324 3553 426 3624 firmat
450 3554 681 3652 astipulatione,
706 3555 820 3652 ubique
846 3554 896 3624 uni
926 3553 1058 3624 Domino
1081 3555 1185 3624 servi-

325 3699 375 3756 tur
391 3701 423 3757 et
442 3687 494 3758 uni
515 3686 661 3758 militatur
679 3687 767 3783 Regi.
809 3686 951 3757 Facimus
972 3686 1185 3798 professiones

325 3831 357 3887 et
378 3817 445 3888 loco
465 3831 497 3889 et
519 3820 597 3901 Deo,
619 3817 675 3888 sed
692 3818 759 3888 loco
777 3833 905 3917 propter
922 3820 1037 3902 Deum3
1058 3818 1139 3915 quod
1159 3819 1182 3886 si

325 3951 487 4047 contigerit
500 3951 600 4021 locum
619 3951 755 4036 deviare,
772 3952 850 4022 adeo
862 3965 893 4022 ut
908 3963 997 4045 cogat
1011 3976 1067 4020 vos
1085 3977 1101 4018 a
1114 3951 1184 4018 Do-

1055 4082 1086 4129 lt.)
