3012 5040
403 696 471 764 teo
607 721 718 766 osannrr
736 721 771 766 nn
789 721 879 766 onaan
895 721 1045 767 nnsronn.

400 875 530 947 nistrum
552 903 641 948 suum
666 877 826 972 Benjamin
852 877 937 948 fratri
962 904 1028 949 suo.
1091 877 1123 947 Si
1146 877 1258 974 aliquid

400 1005 535 1090 dederis,
555 1008 609 1079 tibi
626 1009 712 1106 plura
725 1008 843 1093 debe0;
858 1009 884 1080 si
900 1009 971 1080 nihil
989 1008 1188 1108 impenderis,
1206 1033 1258 1078 me

399 1140 500 1236 ipsum
514 1139 708 1212 nihilominus
720 1153 781 1212 tuae
794 1141 935 1212 servituti
950 1141 1088 1237 subjicio.
1117 1140 1174 1210 Dei
1187 1166 1260 1210 om—

401 1273 567 1371 nipotentis
575 1274 737 1345 ineffabilis
746 1275 867 1346 bonitas
875 1274 1025 1346 concedat
1034 1275 1106 1344 mihi
1118 1288 1259 1373 pacatum

400 1405 539 1476 invenire
553 1406 687 1478 animum
698 1420 795 1490 tuum,
811 1421 844 1478 ut
860 1407 967 1477 nuntio
980 1432 1050 1477 meo
1064 1431 1134 1478 cum
1148 1405 1259 1502 gaudio

401 1538 564 1624 redeunte,
589 1539 679 1610 laetus
705 1539 868 1638 suscipiam
892 1539 1078 1611 beneficium
1101 1553 1196 1624 tuum,
1226 1553 1260 1612 ct

400 1672 562 1770 temporali
575 1671 657 1770 quod
671 1672 743 1742 mihi
756 1673 891 1744 facturus
905 1698 941 1743 es
953 1672 1105 1744 beneficio
1122 1685 1261 1743 aeterna-

401 1800 478 1873 literx
489 1804 685 1876 beatiseceris
703 1804 733 1875 in
751 1805 841 1875 coelo.
895 1805 927 1875 Si
947 1804 1059 1876 litterae
1075 1817 1192 1875 nostrae
1208 1803 1261 1873 es-

402 1938 484 2008 fectu
507 1936 673 2021 caruerint,
695 1935 806 2006 itemm
826 1935 864 2006 ad
885 1962 943 2006 nos
965 1935 1112 2019 redeant3
1137 1933 1162 2004 si
1181 1960 1263 2032 pos-

401 2069 495 2140 tulata
511 2068 710 2152 obtinuerint,
726 2067 807 2166 apud
819 2095 878 2140 vos
893 2069 1086 2141 mansionem
1098 2067 1257 2165 accipiant.

402 2200 489 2286 Vale,
509 2212 609 2298 pater,
629 2199 659 2269 in
673 2199 816 2270 Domine.

524 2503 725 2573 EPISTOLA
744 2504 829 2572 XIX.
850 2547 896 2554 —
940 2561 945 2570 .
1002 2560 1007 2570 .
1065 2485 1074 2568 J
1128 2558 1133 2568 .

452 2737 573 2832 Cogunt
593 2759 643 2804 me
660 2733 783 2832 quidam
800 2734 850 2831 qui
870 2732 909 2804 de
926 2733 1039 2804 finibus
1051 2733 1120 2817 illis,
1136 2733 1165 2803 in
1184 2733 1260 2831 qui-

404 2869 463 2940 bus
492 2867 702 2948 conversano,
726 2865 909 2950 adveniunt,
934 2879 967 2937 ut
991 2865 1044 2937 tibi
1070 2865 1182 2964 aliquid
1207 2867 1259 2936 vel

404 2997 542 3068 breviter
560 2997 691 3068 scribam
714 2995 796 3096 quod
818 2995 885 3068 fieri
909 2995 1025 3067 durum
1042 2996 1115 3067 mihi
1136 2997 1261 3068 videtur

405 3143 437 3200 et
454 3129 666 3227 importabile3
685 3155 757 3200 nam
774 3129 804 3199 in
822 3153 898 3226 pace
912 3153 981 3199 meo
1000 3128 1187 3214 consistens,
1204 3127 1261 3199 do-

404 3260 487 3332 lores
497 3260 654 3332 doloribus
667 3259 920 3359 superadderem,
937 3261 962 3330 si
974 3259 1164 3332 inimicorum
1177 3286 1263 3331 meo-

405 3419 472 3465 rum
495 3407 527 3464 et
546 3393 680 3480 hostium
701 3394 891 3465 mentionem
905 3407 936 3465 et
952 3393 1133 3464 memoriam
1150 3393 1263 3464 litteris

405 3527 584 3598 excitarem.
630 3529 670 3598 Et
685 3527 758 3626 quid
771 3527 825 3599 tibi
843 3527 976 3598 scribam
989 3553 1119 3624 prorsus
1132 3526 1259 3622 ignor03

405 3658 488 3758 quod
518 3673 622 3732 tamen
654 3660 788 3731 occurrit
812 3659 970 3730 memoriae
994 3673 1118 3741 coactus
1146 3658 1260 3730 scribo.

406 3790 538 3889 Quippe,
560 3817 653 3888 quum
672 3804 703 3861 te
721 3789 834 3861 scirem
851 3789 1021 3886 degenere
1040 3815 1111 3860 meo
1130 3789 1263 3860 traxisse

406 3923 507 3995 carnis
528 3923 689 4018 originem,
710 3936 740 3994 et
761 3923 917 4018 sanguinis
938 3922 1163 4021 propinquitate
1187 3921 1267 3992 vici—
