<?xml version="1.0" encoding="UTF-8"?>
<!DOCTYPE html PUBLIC "-//W3C//DTD XHTML 1.0 Transitional//EN"
    "http://www.w3.org/TR/xhtml1/DTD/xhtml1-transitional.dtd">
<html xmlns="http://www.w3.org/1999/xhtml" xml:lang="en" lang="en">
 <head>
  <title>
</title>
<meta http-equiv="Content-Type" content="text/html;charset=utf-8" />
  <meta name='ocr-system' content='tesseract 3.04.00' />
  <meta name='ocr-capabilities' content='ocr_page ocr_carea ocr_par ocr_line ocrx_word'/>
</head>
<body>
  <div class='ocr_page' id='page_1' title='image "./epistolaeherber00ethegoog_0146.png"; bbox 0 0 3012 5040; ppageno 0'>
   <div class='ocr_carea' id='block_1_1' title="bbox 437 721 1087 790">
    <p class='ocr_par' dir='ltr' id='par_1_1' title="bbox 437 721 1087 790">
     <span class='ocr_line' id='line_1_1' title="bbox 437 721 1087 790; baseline -0.002 -1"><span class='ocrx_word' id='word_1_1' title='bbox 437 744 548 790; x_wconf 84' lang='lat' dir='ltr'>osruau</span> <span class='ocrx_word' id='word_1_2' title='bbox 565 745 600 790; x_wconf 82' lang='lat' dir='ltr'>uu</span> <span class='ocrx_word' id='word_1_3' title='bbox 619 744 711 790; x_wconf 80' lang='lat' dir='ltr'>crana</span> <span class='ocrx_word' id='word_1_4' title='bbox 728 744 875 790; x_wconf 78' lang='lat' dir='ltr'>urrsrotn.</span> <span class='ocrx_word' id='word_1_5' title='bbox 1018 721 1087 790; x_wconf 72' lang='lat'>423</span> 
     </span>
    </p>
   </div>
   <div class='ocr_carea' id='block_1_2' title="bbox 214 887 1099 2845">
    <p class='ocr_par' dir='ltr' id='par_1_2' title="bbox 214 887 1110 2845">
     <span class='ocr_line' id='line_1_2' title="bbox 230 887 1091 990; baseline -0.001 -16"><span class='ocrx_word' id='word_1_6' title='bbox 230 931 246 974; x_wconf 93' lang='lat' dir='ltr'>a</span> <span class='ocrx_word' id='word_1_7' title='bbox 268 914 372 974; x_wconf 86' lang='lat' dir='ltr'>vestra</span> <span class='ocrx_word' id='word_1_8' title='bbox 391 887 582 990; x_wconf 75' lang='lat' dir='ltr'>fraternitate</span> <span class='ocrx_word' id='word_1_9' title='bbox 600 929 670 974; x_wconf 89' lang='lat' dir='ltr'>oum</span> <span class='ocrx_word' id='word_1_10' title='bbox 684 903 795 974; x_wconf 87' lang='lat' dir='ltr'>litteris</span> <span class='ocrx_word' id='word_1_11' title='bbox 807 904 921 974; x_wconf 90' lang='lat' dir='ltr'>vestris</span> <span class='ocrx_word' id='word_1_12' title='bbox 939 901 1091 981; x_wconf 88' lang='lat' dir='ltr'>directum</span> 
     </span>
     <span class='ocr_line' id='line_1_3' title="bbox 231 1033 1093 1133; baseline -0.001 -29"><span class='ocrx_word' id='word_1_13' title='bbox 231 1047 390 1130; x_wconf 80' lang='lat' dir='ltr'>gratanter</span> <span class='ocrx_word' id='word_1_14' title='bbox 411 1035 601 1133; x_wconf 73' lang='lat' dir='ltr'>excepimus</span> <span class='ocrx_word' id='word_1_15' title='bbox 626 1061 698 1107; x_wconf 91' lang='lat' dir='ltr'>eum</span> <span class='ocrx_word' id='word_1_16' title='bbox 719 1062 777 1133; x_wconf 93' lang='lat' dir='ltr'>pro</span> <span class='ocrx_word' id='word_1_17' title='bbox 800 1035 912 1106; x_wconf 90' lang='lat' dir='ltr'>merito</span> <span class='ocrx_word' id='word_1_18' title='bbox 931 1033 1093 1132; x_wconf 74' lang='lat' dir='ltr'>probitatis</span> 
     </span>
     <span class='ocr_line' id='line_1_4' title="bbox 232 1163 1094 1262; baseline -0.001 -27"><span class='ocrx_word' id='word_1_19' title='bbox 232 1178 264 1236; x_wconf 91' lang='lat' dir='ltr'>et</span> <span class='ocrx_word' id='word_1_20' title='bbox 279 1165 522 1238; x_wconf 88' lang='lat' dir='ltr'>conversationis</span> <span class='ocrx_word' id='word_1_21' title='bbox 540 1166 688 1262; x_wconf 79' lang='lat' dir='ltr'>egregiae,</span> <span class='ocrx_word' id='word_1_22' title='bbox 704 1179 738 1237; x_wconf 92' lang='lat' dir='ltr'>ut</span> <span class='ocrx_word' id='word_1_23' title='bbox 750 1165 895 1238; x_wconf 88' lang='lat' dir='ltr'>dilectum</span> <span class='ocrx_word' id='word_1_24' title='bbox 909 1163 1003 1238; x_wconf 87' lang='lat' dir='ltr'>filium</span> <span class='ocrx_word' id='word_1_25' title='bbox 1023 1191 1094 1236; x_wconf 92' lang='lat' dir='ltr'>nos-</span> 
     </span>
     <span class='ocr_line' id='line_1_5' title="bbox 232 1296 1090 1395; baseline 0 -29"><span class='ocrx_word' id='word_1_26' title='bbox 232 1309 314 1366; x_wconf 86' lang='lat' dir='ltr'>trum</span> <span class='ocrx_word' id='word_1_27' title='bbox 336 1297 460 1394; x_wconf 87' lang='lat' dir='ltr'>proprie</span> <span class='ocrx_word' id='word_1_28' title='bbox 482 1311 514 1368; x_wconf 94' lang='lat' dir='ltr'>et</span> <span class='ocrx_word' id='word_1_29' title='bbox 530 1297 705 1395; x_wconf 82' lang='lat' dir='ltr'>specialiter</span> <span class='ocrx_word' id='word_1_30' title='bbox 720 1296 809 1367; x_wconf 86' lang='lat' dir='ltr'>vobis</span> <span class='ocrx_word' id='word_1_31' title='bbox 826 1297 1090 1368; x_wconf 91' lang='lat' dir='ltr'>commendamus.</span> 
     </span>
     <span class='ocr_line' id='line_1_6' title="bbox 233 1427 1094 1528; baseline 0 -30"><span class='ocrx_word' id='word_1_32' title='bbox 233 1429 327 1525; x_wconf 85' lang='lat' dir='ltr'>Cujus</span> <span class='ocrx_word' id='word_1_33' title='bbox 340 1428 469 1501; x_wconf 90' lang='lat' dir='ltr'>honesta</span> <span class='ocrx_word' id='word_1_34' title='bbox 483 1430 697 1528; x_wconf 88' lang='lat' dir='ltr'>importunitas</span> <span class='ocrx_word' id='word_1_35' title='bbox 709 1429 787 1500; x_wconf 91' lang='lat' dir='ltr'>adeo</span> <span class='ocrx_word' id='word_1_36' title='bbox 800 1455 857 1500; x_wconf 91' lang='lat' dir='ltr'>nos</span> <span class='ocrx_word' id='word_1_37' title='bbox 875 1427 976 1524; x_wconf 82' lang='lat' dir='ltr'>coegit</span> <span class='ocrx_word' id='word_1_38' title='bbox 988 1442 1094 1499; x_wconf 88' lang='lat' dir='ltr'>vestro</span> 
     </span>
     <span class='ocr_line' id='line_1_7' title="bbox 234 1562 1095 1659; baseline 0 -27"><span class='ocrx_word' id='word_1_39' title='bbox 234 1563 412 1634; x_wconf 77' lang='lat' dir='ltr'>satisfacere</span> <span class='ocrx_word' id='word_1_40' title='bbox 435 1562 601 1647; x_wconf 78' lang='lat' dir='ltr'>desiderio⁷</span> <span class='ocrx_word' id='word_1_41' title='bbox 625 1575 658 1634; x_wconf 95' lang='lat' dir='ltr'>ut</span> <span class='ocrx_word' id='word_1_42' title='bbox 681 1563 707 1632; x_wconf 90' lang='lat' dir='ltr'>si</span> <span class='ocrx_word' id='word_1_43' title='bbox 731 1562 912 1635; x_wconf 87' lang='lat' dir='ltr'>sufficientia</span> <span class='ocrx_word' id='word_1_44' title='bbox 935 1587 1000 1659; x_wconf 85' lang='lat' dir='ltr'>prae</span> <span class='ocrx_word' id='word_1_45' title='bbox 1022 1588 1095 1632; x_wconf 90' lang='lat' dir='ltr'>ma-</span> 
     </span>
     <span class='ocr_line' id='line_1_8' title="bbox 235 1693 1093 1792; baseline -0.001 -28"><span class='ocrx_word' id='word_1_46' title='bbox 235 1694 325 1766; x_wconf 88' lang='lat' dir='ltr'>nibus</span> <span class='ocrx_word' id='word_1_47' title='bbox 354 1693 572 1766; x_wconf 87' lang='lat' dir='ltr'>habuissemus</span> <span class='ocrx_word' id='word_1_48' title='bbox 603 1695 778 1766; x_wconf 90' lang='lat' dir='ltr'>testimonia</span> <span class='ocrx_word' id='word_1_49' title='bbox 810 1695 1027 1792; x_wconf 91' lang='lat' dir='ltr'>episcoporum</span> <span class='ocrx_word' id='word_1_50' title='bbox 1063 1708 1093 1763; x_wconf 87' lang='lat' dir='ltr'>et</span> 
     </span>
     <span class='ocr_line' id='line_1_9' title="bbox 214 1827 1094 1926; baseline 0 -30"><span class='ocrx_word' id='word_1_51' title='bbox 214 1919 218 1926; x_wconf 19' lang='lat'>⁸</span> <span class='ocrx_word' id='word_1_52' title='bbox 235 1827 392 1909; x_wconf 79' lang='lat' dir='ltr'>abbatum,</span> <span class='ocrx_word' id='word_1_53' title='bbox 405 1828 468 1922; x_wconf 86' lang='lat' dir='ltr'>jam</span> <span class='ocrx_word' id='word_1_54' title='bbox 485 1829 697 1899; x_wconf 85' lang='lat' dir='ltr'>canonizatum</span> <span class='ocrx_word' id='word_1_55' title='bbox 711 1829 741 1897; x_wconf 91' lang='lat' dir='ltr'>in</span> <span class='ocrx_word' id='word_1_56' title='bbox 754 1828 891 1923; x_wconf 80' lang='lat' dir='ltr'>catalago</span> <span class='ocrx_word' id='word_1_57' title='bbox 911 1829 1094 1898; x_wconf 88' lang='lat' dir='ltr'>Sanctorum</span> 
     </span>
     <span class='ocr_line' id='line_1_10' title="bbox 236 1959 1095 2056; baseline 0 -29"><span class='ocrx_word' id='word_1_58' title='bbox 236 1985 253 2027; x_wconf 90' lang='lat' dir='ltr'>a</span> <span class='ocrx_word' id='word_1_59' title='bbox 277 1959 414 2029; x_wconf 89' lang='lat' dir='ltr'>Romana</span> <span class='ocrx_word' id='word_1_60' title='bbox 437 1984 545 2030; x_wconf 89' lang='lat' dir='ltr'>secum</span> <span class='ocrx_word' id='word_1_61' title='bbox 569 1959 651 2030; x_wconf 88' lang='lat' dir='ltr'>curia</span> <span class='ocrx_word' id='word_1_62' title='bbox 674 1970 866 2056; x_wconf 88' lang='lat' dir='ltr'>reportasset</span> <span class='ocrx_word' id='word_1_63' title='bbox 887 1983 997 2054; x_wconf 76' lang='lat' dir='ltr'>regem</span> <span class='ocrx_word' id='word_1_64' title='bbox 1016 1983 1095 2028; x_wconf 86' lang='lat' dir='ltr'>ves-</span> 
     </span>
     <span class='ocr_line' id='line_1_11' title="bbox 236 2089 1096 2170; baseline 0 -10"><span class='ocrx_word' id='word_1_65' title='bbox 236 2103 328 2161; x_wconf 92' lang='lat' dir='ltr'>trum.</span> <span class='ocrx_word' id='word_1_66' title='bbox 378 2092 423 2161; x_wconf 86' lang='lat' dir='ltr'>Ea</span> <span class='ocrx_word' id='word_1_67' title='bbox 439 2090 478 2162; x_wconf 92' lang='lat' dir='ltr'>de</span> <span class='ocrx_word' id='word_1_68' title='bbox 493 2117 595 2170; x_wconf 76' lang='lat' dir='ltr'>causa,</span> <span class='ocrx_word' id='word_1_69' title='bbox 611 2091 845 2163; x_wconf 86' lang='lat' dir='ltr'>consulentibus</span> <span class='ocrx_word' id='word_1_70' title='bbox 859 2089 1006 2162; x_wconf 79' lang='lat' dir='ltr'>fratribus</span> <span class='ocrx_word' id='word_1_71' title='bbox 1019 2117 1096 2160; x_wconf 90' lang='lat' dir='ltr'>nos-</span> 
     </span>
     <span class='ocr_line' id='line_1_12' title="bbox 236 2222 1095 2320; baseline 0 -29"><span class='ocrx_word' id='word_1_72' title='bbox 236 2222 292 2292; x_wconf 88' lang='lat' dir='ltr'>tris</span> <span class='ocrx_word' id='word_1_73' title='bbox 305 2222 466 2320; x_wconf 84' lang='lat' dir='ltr'>Episcopis</span> <span class='ocrx_word' id='word_1_74' title='bbox 481 2236 512 2292; x_wconf 90' lang='lat' dir='ltr'>ct</span> <span class='ocrx_word' id='word_1_75' title='bbox 525 2222 747 2307; x_wconf 79' lang='lat' dir='ltr'>CardinalibuS‚</span> <span class='ocrx_word' id='word_1_76' title='bbox 765 2222 946 2320; x_wconf 89' lang='lat' dir='ltr'>petitionem</span> <span class='ocrx_word' id='word_1_77' title='bbox 958 2235 1095 2294; x_wconf 91' lang='lat' dir='ltr'>vestram</span> 
     </span>
     <span class='ocr_line' id='line_1_13' title="bbox 237 2353 1097 2451; baseline 0 -28"><span class='ocrx_word' id='word_1_78' title='bbox 237 2353 389 2451; x_wconf 88' lang='lat' dir='ltr'>perficere</span> <span class='ocrx_word' id='word_1_79' title='bbox 414 2353 470 2425; x_wconf 90' lang='lat' dir='ltr'>hac</span> <span class='ocrx_word' id='word_1_80' title='bbox 492 2354 559 2425; x_wconf 91' lang='lat' dir='ltr'>vice</span> <span class='ocrx_word' id='word_1_81' title='bbox 584 2353 775 2436; x_wconf 79' lang='lat' dir='ltr'>distulimuS,</span> <span class='ocrx_word' id='word_1_82' title='bbox 802 2353 872 2450; x_wconf 91' lang='lat' dir='ltr'>quia</span> <span class='ocrx_word' id='word_1_83' title='bbox 895 2379 989 2450; x_wconf 89' lang='lat' dir='ltr'>quum</span> <span class='ocrx_word' id='word_1_84' title='bbox 1016 2365 1097 2423; x_wconf 89' lang='lat' dir='ltr'>tanta</span> 
     </span>
     <span class='ocr_line' id='line_1_14' title="bbox 239 2482 1098 2580; baseline 0 -26"><span class='ocrx_word' id='word_1_85' title='bbox 239 2485 388 2556; x_wconf 84' lang='lat' dir='ltr'>festivitas</span> <span class='ocrx_word' id='word_1_86' title='bbox 411 2484 524 2555; x_wconf 87' lang='lat' dir='ltr'>debeat</span> <span class='ocrx_word' id='word_1_87' title='bbox 549 2483 617 2554; x_wconf 88' lang='lat' dir='ltr'>fieri</span> <span class='ocrx_word' id='word_1_88' title='bbox 637 2483 676 2554; x_wconf 93' lang='lat' dir='ltr'>ad</span> <span class='ocrx_word' id='word_1_89' title='bbox 700 2482 850 2553; x_wconf 93' lang='lat' dir='ltr'>honorem</span> <span class='ocrx_word' id='word_1_90' title='bbox 873 2496 906 2552; x_wconf 91' lang='lat' dir='ltr'>et</span> <span class='ocrx_word' id='word_1_91' title='bbox 925 2483 1098 2580; x_wconf 80' lang='lat' dir='ltr'>profectum</span> 
     </span>
     <span class='ocr_line' id='line_1_15' title="bbox 239 2615 1098 2714; baseline -0.001 -26"><span class='ocrx_word' id='word_1_92' title='bbox 239 2619 331 2690; x_wconf 93' lang='lat' dir='ltr'>totius</span> <span class='ocrx_word' id='word_1_93' title='bbox 349 2618 448 2714; x_wconf 82' lang='lat' dir='ltr'>regni.</span> <span class='ocrx_word' id='word_1_94' title='bbox 468 2618 507 2689; x_wconf 89' lang='lat' dir='ltr'>ab</span> <span class='ocrx_word' id='word_1_95' title='bbox 524 2617 607 2688; x_wconf 91' lang='lat' dir='ltr'>omni</span> <span class='ocrx_word' id='word_1_96' title='bbox 628 2642 726 2712; x_wconf 81' lang='lat' dir='ltr'>regno</span> <span class='ocrx_word' id='word_1_97' title='bbox 743 2616 858 2714; x_wconf 88' lang='lat' dir='ltr'>pariter</span> <span class='ocrx_word' id='word_1_98' title='bbox 875 2615 971 2686; x_wconf 91' lang='lat' dir='ltr'>debet</span> <span class='ocrx_word' id='word_1_99' title='bbox 987 2629 1098 2713; x_wconf 88' lang='lat' dir='ltr'>postu-</span> 
     </span>
     <span class='ocr_line' id='line_1_16' title="bbox 240 2746 1099 2845; baseline -0.003 -26"><span class='ocrx_word' id='word_1_100' title='bbox 240 2749 304 2820; x_wconf 90' lang='lat' dir='ltr'>lari.</span> <span class='ocrx_word' id='word_1_101' title='bbox 357 2751 392 2820; x_wconf 90' lang='lat' dir='ltr'>ln</span> <span class='ocrx_word' id='word_1_102' title='bbox 409 2762 516 2820; x_wconf 90' lang='lat' dir='ltr'>vestro</span> <span class='ocrx_word' id='word_1_103' title='bbox 534 2748 627 2844; x_wconf 79' lang='lat' dir='ltr'>igitur</span> <span class='ocrx_word' id='word_1_104' title='bbox 643 2746 761 2845; x_wconf 92' lang='lat' dir='ltr'>pendet</span> <span class='ocrx_word' id='word_1_105' title='bbox 777 2747 903 2818; x_wconf 88' lang='lat' dir='ltr'>arbitrio</span> <span class='ocrx_word' id='word_1_106' title='bbox 921 2773 1057 2843; x_wconf 79' lang='lat' dir='ltr'>congrua</span> <span class='ocrx_word' id='word_1_107' title='bbox 1075 2747 1099 2816; x_wconf 92' lang='lat' dir='ltr'>si</span> 
     </span>
    </p>
   </div>
   <div class='ocr_carea' id='block_1_3' title="bbox 239 2879 1100 2979">
    <p class='ocr_par' dir='ltr' id='par_1_3' title="bbox 239 2879 1100 2979">
     <span class='ocr_line' id='line_1_17' title="bbox 239 2879 1100 2979; baseline 0 -29"><span class='ocrx_word' id='word_1_108' title='bbox 239 2883 329 2953; x_wconf 90' lang='lat' dir='ltr'>vultis</span> <span class='ocrx_word' id='word_1_109' title='bbox 346 2881 522 2953; x_wconf 89' lang='lat' dir='ltr'>testimonia</span> <span class='ocrx_word' id='word_1_110' title='bbox 539 2905 694 2979; x_wconf 85' lang='lat' dir='ltr'>quaerere‚</span> <span class='ocrx_word' id='word_1_111' title='bbox 712 2893 745 2950; x_wconf 92' lang='lat' dir='ltr'>et</span> <span class='ocrx_word' id='word_1_112' title='bbox 762 2879 872 2950; x_wconf 90' lang='lat' dir='ltr'>eadem</span> <span class='ocrx_word' id='word_1_113' title='bbox 889 2904 947 2976; x_wconf 89' lang='lat' dir='ltr'>per</span> <span class='ocrx_word' id='word_1_114' title='bbox 963 2879 1100 2950; x_wconf 82' lang='lat' dir='ltr'>instare-</span> 
     </span>
    </p>
   </div>
   <div class='ocr_carea' id='block_1_4' title="bbox 240 3011 1100 3110">
    <p class='ocr_par' dir='ltr' id='par_1_4' title="bbox 240 3011 1100 3110">
     <span class='ocr_line' id='line_1_18' title="bbox 240 3011 1100 3110; baseline -0.003 -26"><span class='ocrx_word' id='word_1_115' title='bbox 240 3027 287 3086; x_wconf 92' lang='lat' dir='ltr'>tas</span> <span class='ocrx_word' id='word_1_116' title='bbox 308 3013 485 3085; x_wconf 89' lang='lat' dir='ltr'>monasterii</span> <span class='ocrx_word' id='word_1_117' title='bbox 506 3013 603 3084; x_wconf 90' lang='lat' dir='ltr'>vestri</span> <span class='ocrx_word' id='word_1_118' title='bbox 621 3038 773 3110; x_wconf 90' lang='lat' dir='ltr'>personas</span> <span class='ocrx_word' id='word_1_119' title='bbox 794 3024 903 3083; x_wconf 93' lang='lat' dir='ltr'>nostro</span> <span class='ocrx_word' id='word_1_120' title='bbox 920 3011 1100 3108; x_wconf 90' lang='lat' dir='ltr'>conspectui</span> 
     </span>
    </p>
   </div>
   <div class='ocr_carea' id='block_1_5' title="bbox 160 3143 1103 3906">
    <p class='ocr_par' dir='ltr' id='par_1_5' title="bbox 160 3143 1103 3906">
     <span class='ocr_line' id='line_1_19' title="bbox 241 3143 1100 3244; baseline -0.007 -27"><span class='ocrx_word' id='word_1_121' title='bbox 241 3158 441 3244; x_wconf 75' lang='lat' dir='ltr'>praesentare.</span> <span class='ocrx_word' id='word_1_122' title='bbox 495 3147 530 3216; x_wconf 89' lang='lat' dir='ltr'>ln</span> <span class='ocrx_word' id='word_1_123' title='bbox 545 3143 682 3214; x_wconf 90' lang='lat' dir='ltr'>hisvero</span> <span class='ocrx_word' id='word_1_124' title='bbox 700 3156 732 3214; x_wconf 86' lang='lat' dir='ltr'>et</span> <span class='ocrx_word' id='word_1_125' title='bbox 747 3143 778 3214; x_wconf 92' lang='lat' dir='ltr'>in</span> <span class='ocrx_word' id='word_1_126' title='bbox 791 3143 914 3215; x_wconf 87' lang='lat' dir='ltr'>caeteris</span> <span class='ocrx_word' id='word_1_127' title='bbox 929 3143 1100 3215; x_wconf 89' lang='lat' dir='ltr'>secundum</span> 
     </span>
     <span class='ocr_line' id='line_1_20' title="bbox 241 3275 1102 3376; baseline -0.006 -26"><span class='ocrx_word' id='word_1_128' title='bbox 241 3282 342 3351; x_wconf 91' lang='lat' dir='ltr'>Deum</span> <span class='ocrx_word' id='word_1_129' title='bbox 365 3303 476 3376; x_wconf 88' lang='lat' dir='ltr'>preces</span> <span class='ocrx_word' id='word_1_130' title='bbox 495 3290 616 3347; x_wconf 89' lang='lat' dir='ltr'>vestras</span> <span class='ocrx_word' id='word_1_131' title='bbox 640 3277 773 3348; x_wconf 90' lang='lat' dir='ltr'>libenter</span> <span class='ocrx_word' id='word_1_132' title='bbox 792 3277 935 3349; x_wconf 91' lang='lat' dir='ltr'>volumus</span> <span class='ocrx_word' id='word_1_133' title='bbox 958 3275 1102 3346; x_wconf 86' lang='lat' dir='ltr'>exaudire</span> 
     </span>
     <span class='ocr_line' id='line_1_21' title="bbox 243 3409 1099 3508; baseline -0.007 -26"><span class='ocrx_word' id='word_1_134' title='bbox 243 3424 274 3482; x_wconf 91' lang='lat' dir='ltr'>et</span> <span class='ocrx_word' id='word_1_135' title='bbox 295 3413 365 3508; x_wconf 85' lang='lat' dir='ltr'>jura</span> <span class='ocrx_word' id='word_1_136' title='bbox 389 3409 484 3480; x_wconf 90' lang='lat' dir='ltr'>vestri</span> <span class='ocrx_word' id='word_1_137' title='bbox 511 3409 688 3480; x_wconf 88' lang='lat' dir='ltr'>monasterii</span> <span class='ocrx_word' id='word_1_138' title='bbox 713 3409 801 3479; x_wconf 93' lang='lat' dir='ltr'>vobis</span> <span class='ocrx_word' id='word_1_139' title='bbox 826 3409 937 3479; x_wconf 91' lang='lat' dir='ltr'>illibata</span> <span class='ocrx_word' id='word_1_140' title='bbox 964 3432 1099 3478; x_wconf 89' lang='lat' dir='ltr'>servare.</span> 
     </span>
     <span class='ocr_line' id='line_1_22' title="bbox 160 3539 1102 3640; baseline -0.007 -25"><span class='ocrx_word' id='word_1_141' title='bbox 160 3553 169 3562; x_wconf 67' lang='grc'><strong>“</strong></span> <span class='ocrx_word' id='word_1_142' title='bbox 243 3545 317 3616; x_wconf 89' lang='lat' dir='ltr'>lude</span> <span class='ocrx_word' id='word_1_143' title='bbox 343 3542 500 3640; x_wconf 89' lang='lat' dir='ltr'>estquod</span> <span class='ocrx_word' id='word_1_144' title='bbox 526 3542 694 3613; x_wconf 88' lang='lat' dir='ltr'>venerabili</span> <span class='ocrx_word' id='word_1_145' title='bbox 721 3542 806 3612; x_wconf 80' lang='lat' dir='ltr'>fratri</span> <span class='ocrx_word' id='word_1_146' title='bbox 832 3553 940 3611; x_wconf 90' lang='lat' dir='ltr'>nostro</span> <span class='ocrx_word' id='word_1_147' title='bbox 967 3539 1102 3610; x_wconf 90' lang='lat' dir='ltr'>Henrico</span> 
     </span>
     <span class='ocr_line' id='line_1_23' title="bbox 242 3670 1101 3772; baseline -0.007 -25"><span class='ocrx_word' id='word_1_148' title='bbox 242 3675 449 3746; x_wconf 90' lang='lat' dir='ltr'>Wintoniensi</span> <span class='ocrx_word' id='word_1_149' title='bbox 479 3675 637 3772; x_wconf 85' lang='lat' dir='ltr'>episcopo,</span> <span class='ocrx_word' id='word_1_150' title='bbox 660 3671 849 3770; x_wconf 82' lang='lat' dir='ltr'>Apostolicae</span> <span class='ocrx_word' id='word_1_151' title='bbox 878 3670 962 3741; x_wconf 91' lang='lat' dir='ltr'>sedis</span> <span class='ocrx_word' id='word_1_152' title='bbox 988 3671 1101 3766; x_wconf 78' lang='lat' dir='ltr'>legato.</span> 
     </span>
     <span class='ocr_line' id='line_1_24' title="bbox 244 3800 1103 3906; baseline -0.013 -27"><span class='ocrx_word' id='word_1_153' title='bbox 244 3833 299 3906; x_wconf 92' lang='lat' dir='ltr'>per</span> <span class='ocrx_word' id='word_1_154' title='bbox 319 3807 485 3905; x_wconf 89' lang='lat' dir='ltr'>apostolica</span> <span class='ocrx_word' id='word_1_155' title='bbox 504 3806 617 3904; x_wconf 90' lang='lat' dir='ltr'>scripta</span> <span class='ocrx_word' id='word_1_156' title='bbox 637 3804 861 3888; x_wconf 79' lang='lat' dir='ltr'>mandavimus,</span> <span class='ocrx_word' id='word_1_157' title='bbox 881 3815 914 3874; x_wconf 90' lang='lat' dir='ltr'>ut</span> <span class='ocrx_word' id='word_1_158' title='bbox 930 3802 970 3873; x_wconf 89' lang='lat' dir='ltr'>de</span> <span class='ocrx_word' id='word_1_159' title='bbox 989 3801 1036 3871; x_wconf 88' lang='lat' dir='ltr'>his</span> <span class='ocrx_word' id='word_1_160' title='bbox 1052 3800 1103 3898; x_wconf 91' lang='lat' dir='ltr'>qui</span> 
     </span>
    </p>
   </div>
   <div class='ocr_carea' id='block_1_6' title="bbox 244 3935 1104 4038">
    <p class='ocr_par' dir='ltr' id='par_1_6' title="bbox 244 3935 1104 4038">
     <span class='ocr_line' id='line_1_25' title="bbox 244 3935 1104 4038; baseline -0.012 -27"><span class='ocrx_word' id='word_1_161' title='bbox 244 3941 467 4013; x_wconf 88' lang='lat' dir='ltr'>ecclesiasticas</span> <span class='ocrx_word' id='word_1_162' title='bbox 480 3939 697 4038; x_wconf 91' lang='lat' dir='ltr'>possessiones</span> <span class='ocrx_word' id='word_1_163' title='bbox 715 3951 747 4008; x_wconf 91' lang='lat' dir='ltr'>et</span> <span class='ocrx_word' id='word_1_164' title='bbox 763 3939 844 4009; x_wconf 87' lang='lat' dir='ltr'>bona</span> <span class='ocrx_word' id='word_1_165' title='bbox 861 3935 959 4007; x_wconf 87' lang='lat' dir='ltr'>vestri</span> <span class='ocrx_word' id='word_1_166' title='bbox 976 3959 1104 4004; x_wconf 89' lang='lat' dir='ltr'>monas-</span> 
     </span>
    </p>
   </div>
   <div class='ocr_carea' id='block_1_7' title="bbox 0 0 1533 5040">
    <p class='ocr_par' dir='ltr' id='par_1_7' title="bbox 0 0 1533 5040">
     <span class='ocr_line' id='line_1_26' title="bbox 0 0 1533 5040; baseline 0 0"><span class='ocrx_word' id='word_1_167' title='bbox 0 0 1533 5040; x_wconf 95' lang='lat' dir='ltr'> </span> 
     </span>
    </p>
   </div>
  </div>
 </body>
</html>
