3038 5036
337 697 438 744 nnnnnt
457 699 562 746 entonis
578 700 793 746 CANTUARJENSIS
810 701 955 746 EPISTOLAE.
1008 678 1078 748 2lll

222 853 490 951 contemplationis
507 853 615 949 gandia
633 854 733 925 libero
747 869 779 926 et
793 855 955 954 tranquillo
968 881 1079 952 gressu

224 985 354 1054 transire
371 984 513 1069 deberet,
534 983 627 1054 tantis
649 987 916 1082 perturbationum
937 986 1081 1058 fluctibus

225 1114 372 1210 quatitur,
403 1129 437 1188 ut
466 1115 538 1188 nihil
570 1116 707 1188 inveniat
734 1118 816 1190 unde
845 1119 946 1217 aliquo
974 1119 1081 1190 solatio

226 1247 375 1320 foveatur.
429 1250 538 1322 Plures
559 1250 623 1344 jam
649 1250 720 1320 anni
744 1251 934 1320 transierunt
956 1277 994 1321 ex
1020 1277 1081 1348 quo

226 1379 340 1450 mundo
353 1381 556 1465 renunciavit,
572 1396 604 1452 et
614 1381 713 1454 adbuc
722 1382 885 1452 mundanis
897 1382 1083 1453 vanitatibus

226 1511 411 1609 implicatum
432 1539 503 1585 esse
525 1539 559 1586 se
579 1515 689 1600 sentit;
710 1516 924 1612 quamobrem,
949 1515 1083 1610 gloriose

225 1657 324 1741 pater,
344 1671 381 1716 ea
397 1647 598 1718 familiaritate
614 1673 674 1744 qua
692 1673 749 1718 vos
764 1673 869 1720 coram
888 1649 955 1717 Deo
968 1646 1082 1717 llorere

226 1777 358 1863 conlido,
380 1805 437 1876 pro
455 1805 506 1848 me
527 1779 639 1850 infelici
659 1779 739 1878 apud
761 1805 833 1850 eum
849 1778 1031 1850 intercedite
1050 1792 1083 1848 ut

226 1934 277 1980 me
293 1936 309 1979 a
324 1910 504 2007 perniciosis
524 1911 808 2008 perturbationibus
822 1911 935 1982 liberet
953 1923 985 1980 et
1001 1935 1084 1981 con-

227 2041 433 2138 templationis
460 2067 525 2114 suae
551 2043 670 2139 gaudiis
701 2044 863 2142 tranquilla
895 2057 1000 2114 mente
1026 2043 1084 2112 lrui

226 2173 387 2252 concedat,
439 2175 646 2272 Omnipotens
665 2176 815 2247 Divinitas
835 2201 964 2246 summae
983 2175 1085 2245 beati-

227 2304 341 2375 tudinis
367 2331 473 2376 amore
503 2307 688 2403 flagrantem
719 2307 852 2378 animam
883 2321 1020 2378 vestram
1046 2305 1085 2376 ad

227 2435 388 2506 utilitatem
411 2451 442 2506 et
461 2435 613 2508 bonorem
639 2451 756 2508 sanctae
774 2438 915 2510 ecclesiae
940 2463 1005 2510 suae
1027 2463 1085 2535 per

225 2568 317 2664 longa
339 2583 479 2668 tempora
500 2571 687 2642 incolumem
709 2569 872 2652 custodiat
891 2595 1018 2666 suaeque
1035 2571 1085 2640 vi-

228 2699 322 2770 sionis
346 2701 456 2796 gandio
484 2701 608 2798 dignam
633 2701 793 2786 exhibeat,
825 2701 1023 2772 dilectissime
1050 2727 1085 2770 nc

227 2830 357 2903 multum
378 2833 409 2903 in
427 2833 539 2905 Christi
557 2833 654 2928 gratia
671 2832 877 2904 desiderande
898 2845 989 2930 atque
1012 2859 1084 2902 am-

227 2961 393 3058 plectende
410 2977 508 3060 pater.

373 3230 574 3300 EPISTOLA
596 3231 634 3299 11.
649 3274 696 3282 —
710 3230 757 3300 An
773 3231 933 3302 Hnnnrcun.

228 3361 369 3432 Amabit·
385 3377 414 3432 et
428 3362 516 3460 fideli
531 3365 590 3434 Dei
605 3361 726 3459 famulo
742 3363 886 3442 Hebriue,
904 3361 1003 3458 frater
1019 3363 1086 3432 Et-

276 3519 380 3564 meruc
391 3491 644 3564 Christianorum
653 3493 813 3571 minimus,
827 3491 978 3563 desiderio
987 3491 1088 3562 dreini

278 3639 450 3722 compertus
467 3625 688 3697 insatiabiliter
704 3623 870 3694 oddoerere.

278 3757 375 3840 Licet,
396 3757 607 3840 dilectissime,
631 3755 825 3827 dulcedinem
846 3770 983 3826 vestram
1004 3781 1088 3852 pra-

231 3889 403 3960 sentialiter
426 3915 520 3960 nosse
545 3915 738 3989 nequaquam
761 3888 940 3964 meruerim,
960 3888 1086 3958 misen-
