3050 5040
390 669 435 735 30
598 690 734 736 nrrsronu
746 691 880 736 nennium
897 692 1030 738 iosuae.

388 849 555 920 Salvatoris
573 849 645 919 nudi
662 849 793 944 ingressi
811 875 928 932 sumuS,
948 875 1009 921 non
1025 850 1066 921 ibi
1085 848 1248 919 induamur

388 980 495 1050 alienis
512 980 631 1051 exuviis
644 981 715 1052 furti
733 996 765 1052 et.
778 981 992 1066 anathematis,
1012 982 1063 1080 qui
1077 982 1169 1052 talem
1186 1007 1246 1051 ve-

389 1111 510 1182 nientes
527 1111 565 1182 ad
584 1112 778 1208 magistrum,
800 1113 1021 1210 temporalibus
1037 1111 1245 1184 abrenuncia-

388 1245 489 1316 vimus
512 1244 629 1316 deliciis
651 1261 779 1344 propter
809 1271 898 1344 spem
924 1245 1075 1317 felicitatis
1104 1258 1242 1315 aeternae.

389 1377 596 1473 Quapropter,
608 1375 796 1447 dilectissimi
805 1377 961 1460 lilii,vires
970 1377 1130 1461 resumite,
1139 1389 1246 1446 vestro

390 1507 475 1605 operi
495 1507 723 1604 infatigabiliter
749 1509 896 1594 insistite,
922 1537 984 1582 non
1015 1523 1119 1582 cesset
1139 1535 1247 1580 manus

390 1639 438 1709 vel
449 1654 631 1737 pesvester3
649 1641 749 1736 algete
764 1641 941 1736 frigoribus,
953 1655 1083 1713 aestuate
1098 1642 1249 1712 caumati-

390 1772 459 1856 buS,
481 1772 592 1843 diebus
610 1773 760 1856 laborate,
785 1775 927 1845 noctibus
943 1775 1079 1870 vigilate.
1131 1772 1249 1844 Accin-

390 1903 506 1998 gimini,
521 1904 641 1976 illorum
654 1906 860 1976 lsra'elitarum
875 1933 1032 1977 memores
1045 1907 1107 2004 qui,
1123 1907 1153 1975 in
1167 1904 1243 1976 reli-

390 2036 507 2107 oiendis
523 2039 696 2110 Jerusalem
716 2039 824 2122 muris,
848 2039 944 2109 altera
965 2065 1056 2109 manu
1073 2038 1249 2136 pugnabant

391 2183 422 2242 et
436 2171 532 2241 altera
549 2170 752 2242 aedificabant.
806 2170 941 2242 lnsistite
955 2171 1093 2254 viriliter,
1110 2170 1246 2240 laborate

391 2302 534 2387 fideliter,
550 2303 670 2374 ferveat
681 2330 769 2401 opuS,
791 2318 822 2374 et
836 2303 1120 2400 circumjacentibus
1135 2303 1249 2372 sanctis

390 2436 487 2508 vestri
513 2437 674 2508 redoleant
694 2436 829 2520 labores
855 2435 955 2507 donec
976 2435 1079 2507 veniat
1099 2435 1248 2506 Dominus

393 2569 444 2666 qui
475 2583 507 2640 et
537 2569 717 2641 illuminabit
742 2570 859 2640 occulta
891 2569 1030 2640 cordium
1059 2583 1091 2639 et
1116 2569 1248 2640 latentes

393 2701 545 2773 reserabit
562 2701 762 2786 intentiones,
785 2715 816 2772 et
836 2715 910 2773 tuno
927 2702 994 2772 laus
1011 2700 1069 2771 erit
1088 2700 1248 2798 unicuique

389 2836 473 2931 justo
492 2861 509 2904 a
528 2835 606 2903 Deo.
659 2833 710 2904 Sic
728 2833 810 2903 enim
827 2859 922 2903 verus
938 2832 1088 2930 promittit
1101 2857 1249 2902 remune-

394 2979 478 3036 rator
499 2991 505 3033 :
526 2967 634 3060 Euge,
654 2963 767 3061 inquit,
790 2989 882 3034 serve
905 2964 986 3033 bone
1006 2977 1037 3033 et
1055 2962 1169 3048 fidelis,
1190 2963 1251 3032 im-

384 3095 515 3166 'modico
537 3095 618 3166 fuisti
636 3094 748 3179 fidelis,
771 3121 864 3193 supra
885 3094 980 3165 multa
1003 3108 1034 3165 te
1050 3095 1248 3178 constituam3

394 3229 473 3298 intra
491 3227 522 3298 in
540 3227 682 3324 gaudium
700 3227 822 3298 Domini
841 3227 893 3298 tui.

460 3426 662 3498 EPISTOLA
680 3427 749 3495 XV.
765 3469 812 3476 —
827 3427 874 3495 An
895 3427 1039 3496 lnounruu
1056 3450 1186 3496 rmonun.

609 3595 777 3664 Hnnaanrus
795 3595 918 3665 lnomro
936 3619 1035 3664 rmom.

445 3760 533 3831 Vado
551 3760 589 3832 ad
611 3759 738 3842 curiam,
763 3785 844 3856 pene
863 3759 929 3830 sine
949 3759 1037 3856 equis
1057 3773 1088 3829 ot
1112 3759 1177 3829 sine
1197 3785 1255 3856 pe-

397 3892 495 3976 cunia,
512 3891 568 3963 sed
582 3895 668 3961 Deus
681 3892 740 3962 erit
756 3917 863 3962 comes
876 3917 974 3963 meus.
1017 3891 1257 3962 Norwioensen-
