3050 5040
425 723 562 770 urisronn
579 723 713 770 nunumm
726 723 861 770 cosmon.
1026 697 1069 767 43

211 885 303 957 Nulla
320 911 414 984 opem
432 913 489 958 suo
513 887 702 957 reluctantur
721 885 839 985 opifici3
868 884 939 956 nihil
965 885 993 956 ei
1016 885 1071 955 im-

211 1017 360 1115 possibile
378 1017 410 1088 in
427 1018 523 1090 rebus
539 1017 590 1116 qui
607 1042 662 1088 eas
680 1043 718 1087 ex
734 1016 826 1088 nihilo
846 1017 972 1088 creavit.
1005 1019 1073 1088 Re-

213 1174 283 1220 rum
322 1150 495 1220 existentiae
528 1175 620 1220 causa
657 1176 717 1220 una
750 1163 798 1220 est
833 1150 975 1220 voluntas
1000 1150 1069 1220 Dei.

213 1283 460 1354 Consurrexistis
469 1309 538 1354 cum
549 1283 765 1381 Christo3quae
777 1299 979 1356 sursumsunt
989 1311 1074 1383 quae-

214 1413 286 1499 rite,
300 1439 363 1485 non
374 1439 444 1512 quae
456 1439 550 1512 super
563 1427 696 1496 termm3
713 1415 862 1486 seminate
875 1415 905 1486 in
917 1416 1024 1514 spiritu
1043 1429 1074 1487 et

214 1572 279 1618 non
295 1546 325 1616 in
343 1572 437 1617 carne
452 1574 458 1616 :
472 1573 543 1617 nam
556 1547 608 1645 qui
621 1548 753 1618 seminat
766 1547 796 1618 in
809 1573 914 1633 carne,
930 1547 1073 1619 decarne

215 1693 315 1750 metet
327 1680 574 1778 cormptionem;
588 1681 637 1778 qui
649 1695 752 1751 autem
767 1680 898 1751 seminat
911 1681 942 1750 in
953 1680 1071 1778 spiritu,

215 1813 256 1884 de
270 1813 378 1911 spiritu
391 1825 489 1884 metet
501 1813 596 1884 vitam
609 1825 770 1885 aeternam.
823 1812 1074 1885 Adolescentiam

216 1947 423 2046 praetenditis
444 1947 580 2019 sednon
600 1974 711 2019 omnes
728 1948 944 2020 adolescentes
963 1947 1079 2019 adole-'

217 2091 345 2151 scentes
363 2093 452 2165 sunt3
471 2081 553 2152 unde
568 2095 617 2152 est
634 2081 706 2152 illud
725 2109 731 2150 :
749 2083 881 2166 Laetare,
894 2082 1029 2179 juvenis
1045 2081 1076 2152 in

218 2211 428 2284 adolescentia
448 2227 515 2298 tua,
543 2227 575 2285 et
594 2214 663 2286 alibi
687 2243 693 2284 ε
712 2215 786 2286 Cani
803 2230 874 2287 sunt
892 2241 1004 2285 sensus
1016 2214 1078 2285 ho-

218 2345 312 2416 minis
333 2358 364 2416 et
379 2358 456 2416 aetas
474 2345 643 2418 senectutis
660 2345 722 2416 vita
743 2346 944 2418 immaculata.
996 2348 1078 2417 Puer

219 2479 344 2550 Samuel
372 2479 441 2550 Heli
463 2478 623 2577 deposuit,
647 2492 678 2549 et
702 2479 810 2549 Daniel
838 2478 1020 2550 adolescens
1048 2481 1077 2550 in

219 2612 390 2711 Babylonia
418 2613 624 2711 presbyteros
647 2611 895 2710 condempnavit.
954 2615 1079 2710 Exper-

220 2744 382 2840 giscimini,
403 2745 498 2840 sugite
517 2744 656 2843 euripum
677 2743 820 2815 libidinis.
869 2747 993 2816 Vestrae
1012 2747 1078 2844 spei

220 2873 388 2945 anchoram
409 2873 493 2969 figite
517 2873 546 2944 in
570 2873 763 2944 sodalitatem
782 2874 944 2972 pudicitiae.
998 2878 1081 2947 Cru-

219 3005 335 3101 cifigite
352 3007 492 3077 membra
506 3018 612 3076 vestra
626 3030 696 3076 cum
711 3004 792 3075 vitiis
808 3017 840 3075 et
856 2999 1081 3104 concupiscen-

221 3138 284 3222 tiis;
305 3137 377 3212 fidei
395 3137 504 3233 erigite
520 3137 646 3221 malum,
667 3136 847 3234 suspendite
865 3138 993 3210 carbasa
1011 3139 1081 3210 vir-

221 3284 333 3342 tutum.
378 3270 518 3366 Colligito
533 3270 636 3340 Sancti
651 3269 783 3367 Spiritus
797 3268 897 3340 ssatus.
950 3270 1081 3342 Tendite

220 3404 261 3476 ad
278 3403 407 3502 patriam
429 3417 461 3474 et
481 3403 519 3474 ad
536 3403 691 3475 civitatem
710 3415 859 3486 vestram,
885 3403 1080 3498 gubernante

223 3537 360 3621 Christo;
377 3537 455 3608 lelici
467 3564 560 3609 cursu
571 3536 708 3608 coelestis
724 3535 835 3607 littoris
848 3534 999 3605 intrabitis
1012 3560 1084 3632 por-

223 3685 305 3741 tum.
357 3669 401 3740 lbi
420 3669 583 3740 invenietis
601 3672 700 3740 Deum
721 3681 852 3767 patrem,
874 3665 1036 3736 invenietis
1053 3677 1085 3736 et

223 3815 359 3874 matrem
377 3815 527 3887 sanctam,
547 3801 691 3874 videlicet
705 3800 879 3872 ecclesiam.
917 3798 1085 3868 Invenietis

223 3937 342 4006 fratres
366 3947 397 4004 et
422 3934 567 4006 concives
595 3947 736 4019 sanctos,
766 3931 894 4027 angelos
921 3943 953 3999 et
975 3955 1084 3999 omnes
