3012 5040
435 698 482 770 70
643 724 780 772 unsrotn
797 725 931 771 ursorum
948 727 1082 772 nostroe.

541 1033 741 1106 EPISTOLA
764 1035 913 1104 XXXVl.
934 1036 1043 1106 —Ao
1065 1061 1187 1107 romans

734 1151 992 1220 Tuuoronmrmsus,

436 1370 603 1440 Hauormus
618 1371 816 1442 nrrscorusR.
838 1396 994 1441 truncorum
1012 1396 1046 1440 rr
1069 1396 1180 1442 cuncus
1201 1396 1295 1441 rtru-

483 1510 592 1554 cumms
609 1487 663 1553 Dm
681 1511 714 1554 rr
730 1512 789 1558 surs
805 1511 839 1554 un
856 1487 1036 1556 Nouruucun
1054 1511 1087 1554 rr
1105 1487 1291 1558 Surruucuar

482 1624 618 1669 sacurem.

483 1801 514 1870 Si
526 1813 684 1899 praecepto
697 1801 837 1874 veritatis
851 1801 1106 1897 constringimini
1121 1801 1294 1873 alterutro-

433 1959 503 2004 rum
528 1958 623 2004 onera
650 1946 755 2004 vestra
780 1946 905 2032 portare
931 1947 963 2005 et
986 1935 1100 2006 mutuis
1123 1935 1292 2006 condolere

433 2063 565 2159 injuriiS,
589 2077 662 2136 tunc
683 2064 816 2136 maxime
839 2065 935 2136 vestri
957 2066 1065 2164 capitis
1089 2066 1293 2138 contumelias

432 2194 621 2281 obhorrere,
643 2209 675 2267 et
701 2195 765 2266 suis
786 2195 1002 2268 afflictionibus
1026 2197 1098 2268 totis
1118 2198 1292 2268 visceribus

431 2327 553 2399 debetis
576 2327 842 2400 condescendere.
896 2331 1009 2425 Magna
1039 2344 1111 2402 sunt
1134 2329 1291 2400 charitatis

432 2461 551 2556 vincula
569 2462 681 2557 quibus
698 2461 909 2558 astringimur,
926 2475 958 2531 et
976 2461 1092 2534 utinam
1114 2474 1176 2532 tarn
1193 2460 1288 2545 utilia,

431 2619 523 2690 quam
537 2592 649 2666 divinae
666 2591 904 2698 dispensationis
918 2591 1109 2662 ordinatione
1123 2605 1194 2662 sunt
1211 2617 1292 2662 con-

431 2749 526 2808 nexa3
538 2749 630 2821 quam
647 2724 730 2794 enim
752 2724 855 2820 legem
875 2723 956 2794 inter
973 2747 1122 2820 sponsum
1140 2735 1172 2793 ct
1191 2748 1291 2820 spon-

430 2883 497 2958 sam
507 2856 803 2954 corporaliterDeus
816 2855 952 2953 protulit,
966 2854 1045 2926 hanc
1055 2855 1196 2926 Christus
1209 2857 1291 2926 inter

430 2988 609 3086 episcopum
629 3001 659 3058 et
676 2987 820 3086 populum
840 3013 929 3058 suum
943 2987 1139 3085 spiritualiter
1155 2987 1292 3086 promul-

429 3122 523 3216 gavit,
544 3135 576 3192 et
594 3147 631 3192 eo
645 3123 805 3219 majorem,
825 3119 908 3218 quod
927 3120 975 3191 illa
993 3119 1032 3191 de
1052 3120 1165 3192 carnali
1178 3121 1289 3217 conju-

429 3253 491 3349 gio,
515 3253 583 3325 haec
607 3279 684 3325 vero
705 3252 745 3324 de
768 3253 915 3351 spirituali
939 3252 1061 3324 condita
1085 3265 1143 3324 est.
1197 3253 1288 3337 Quod

428 3385 498 3457 ideo
514 3399 630 3458 vestrae
643 3400 827 3486 represeuto
848 3385 1070 3482 intelligentiae,
1085 3399 1119 3456 ut
1134 3384 1289 3456 veraciter
1311 3401 1314 3406 '

427 3521 637 3619 perpendatis,
654 3535 687 3592 et
704 3521 795 3594 officii
808 3522 933 3592 labores
954 3521 1066 3618 quibus
1079 3519 1169 3590 vobis
1182 3519 1286 3589 servio

426 3655 509 3724 omni
525 3655 590 3740 dic,
609 3655 772 3728 immolans
790 3681 904 3753 corpus
921 3666 953 3724 et
977 3651 1158 3748 sanguinem
1173 3650 1287 3722 Christi

427 3786 602 3883 provehis
624 3802 655 3857 et
672 3801 789 3858 vestrae
808 3785 981 3858 dilectionis
998 3782 1207 3855 obedientiam
1227 3807 1287 3879 qua

428 3919 505 3990 meis
523 3919 645 3991 debetis
662 3920 855 4018 respondere
878 3917 997 3991 officiis.
1052 3918 1127 3998 Haec
1144 3913 1284 4012 praedixi,
