3012 5040
407 707 452 780 78
620 735 756 781 nusronn
767 735 899 780 unucnuu
914 734 1046 780 cosmon.

430 943 632 1014 EPISTOLA
650 945 731 1014 XLI.
751 988 799 996 —
813 944 859 1015 Au
874 945 1056 1014 Wuumuuu
1073 945 1231 1014 Tuncrum.

593 1112 759 1182 Hunnsmus
775 1113 936 1182 Wunrnuo
953 1137 1072 1182 ruamur.

456 1275 591 1362 Tuorum
601 1291 811 1388 poenitentiam
821 1316 1007 1362 excessuum
1023 1304 1105 1362 tanta
1119 1316 1179 1386 ego
1191 1318 1262 1364 oum

409 1423 515 1519 majori
540 1423 629 1494 audio
655 1423 860 1508 exultatione,
885 1436 996 1519 quanta
1024 1435 1057 1493 tu
1084 1449 1138 1493 eos
1163 1423 1265 1494 delles

408 1556 514 1652 majori
537 1556 737 1628 amaritudine
757 1583 764 1624 :
784 1569 817 1627 ut
835 1556 917 1627 enim
937 1557 988 1654 qui
1005 1557 1128 1627 minima
1145 1559 1264 1655 spernit
1342 1653 1345 1658 Ι

409 1688 551 1786 paulatim
573 1675 706 1773 deciilet,
728 1690 767 1760 ita
791 1689 817 1759 is
838 1689 888 1787 qui
912 1689 1036 1760 minima
1059 1689 1208 1761 abhorret
1223 1691 1263 1761 ad

409 1822 523 1918 majora
540 1821 709 1894 ascendere
728 1821 814 1892 lacile
831 1821 957 1892 minime
970 1836 1149 1920 praesumet.
1190 1823 1264 1894 Tuis

409 1953 500 2048 igitur
523 1953 703 2050 poenitentia
733 1968 765 2024 et
793 1954 990 2026 confessione
1016 1955 1262 2052 impetrantibus,

409 2085 452 2156 sis
472 2085 631 2156 absolutus
651 2099 723 2158 ante
746 2087 877 2158 tribunal
897 2088 1009 2158 Christi
1026 2089 1065 2158 ab
1084 2089 1166 2158 omni
1186 2115 1264 2159 ana-

408 2217 544 2288 themate
569 2231 600 2287 et
623 2218 662 2288 ab
679 2219 822 2290 omnibus
846 2221 981 2318 peccatis
1001 2221 1072 2302 tuis
1095 2245 1130 2292 ea
1150 2234 1263 2319 potes-

408 2364 470 2420 tate
487 2377 546 2448 qua
559 2349 669 2422 dicitur
681 2352 865 2449 Apostolum
879 2353 1023 2451 principi:
1039 2351 1263 2450 Quodcumque
1293 2341 1296 2347 ⁵

408 2482 552 2578 ligaveris
566 2496 800 2580 superterram,
816 2485 876 2556 erit
888 2485 1013 2581 ligatum
1026 2497 1058 2556 et
1074 2483 1103 2554 in
1117 2485 1214 2568 coelis,
1230 2499 1264 2555 et

408 2615 623 2714 quodcumque
641 2616 772 2688 solueris
791 2630 1028 2714 superterram,
1054 2617 1112 2688 erit
1131 2617 1266 2688 solutum

409 2761 440 2816 et
453 2747 483 2816 in
496 2748 593 2818 coelis.
647 2751 693 2819 De
703 2748 751 2820 his
761 2748 911 2822 hactenus
922 2762 1062 2822 ceterum
1074 2764 1189 2822 vestrae
1201 2751 1264 2822 lec-

408 2879 499 2948 tionis
516 2877 692 2950 deliciarum
708 2879 805 2951 taedet
818 2881 1051 2952 sollicitudinem
1064 2907 1166 2952 meam
1171 2941 1259 2952 .......

408 3024 441 3080 ut
462 3024 555 3082 tantae
572 3010 757 3082 difficultatis
782 3039 934 3084 summam
954 3026 1186 3111 percurrentes
1210 3041 1264 3084 ar-

409 3157 506 3241 reptae
519 3143 687 3242 discipliuae
700 3145 838 3216 laborem
851 3145 1095 3245 praegustaretis
1111 3158 1142 3215 et
1155 3159 1263 3243 postea

409 3276 540 3346 candem
564 3288 757 3374 repetentes,
786 3277 816 3348 in
843 3277 982 3374 ejusdem
1009 3277 1109 3349 studio
1136 3278 1264 3374 diligen-

410 3409 468 3479 tius
501 3408 752 3480 immoraremiui.
816 3413 932 3482 Vestro
966 3410 1103 3480 familiari
1137 3424 1263 3508 torpore

408 3567 488 3612 meae
510 3542 726 3640 preceptionis
751 3542 868 3614 utilitati
895 3542 1023 3613 obedire
1048 3542 1260 3626 dissimulatis;

408 3671 559 3744 irascerer
569 3675 671 3770 juste,
687 3673 744 3744 sed
761 3687 849 3772 pater
863 3701 931 3744 sum
945 3675 995 3772 qui
1009 3674 1100 3744 etiam
1113 3701 1219 3759 naevos
1233 3677 1261 3746 in

409 3805 513 3876 liberis
540 3805 605 3876 suis
626 3820 785 3902 gratanter
809 3807 930 3890 tolerat,
956 3832 1014 3878 nec
1035 3821 1139 3904 potest
1162 3808 1264 3903 negli—

409 3963 484 4032 gere
507 3940 754 4036 procurationem
778 3940 884 4037 proliS,
908 3939 958 4036 qui
981 3965 1049 4010 eam
1071 3965 1149 4010 vero
1175 3966 1264 4010 eom-
