3038 5036
442 719 554 766 osmeri
571 719 607 765 or
626 719 717 764 cites
736 719 882 764 urrsroie.
1025 697 1092 762 189

296 965 497 1036 EPISTOLA
518 967 585 1035 XL.
610 1009 657 1018 -
679 965 841 1049 Aemines,
867 987 1036 1035 seeirrssm

333 1100 591 1182 Rauennatium,
606 1124 641 1169 ott
660 1123 812 1170 Armorum
827 1122 994 1168 cssrlrsrls.

237 1281 353 1376 Incipit
370 1280 500 1377 epistola
524 1279 647 1352 Osberti
668 1279 706 1350 de
724 1279 835 1358 Claro,
862 1278 906 1349 ad
928 1279 1097 1348 Domitiam

286 1411 468 1492 Aulidem,
496 1413 738 1509 Bertboupeosis
763 1411 891 1481 coeuobii
912 1409 1097 1480 abbatissam

286 1545 499 1624 venerabitem,
518 1545 735 1616 dearmatum
754 1545 914 1614 castitatis.

321 1746 412 1814 ACTIO
435 1770 597 1815 enarratum
622 1770 674 1814 PRO
697 1767 893 1813 PERCEPTORUM
914 1767 1016 1812 eteris

564 1901 777 1947 BENEFICIORUM.

240 2045 323 2114 luter
346 2043 483 2114 illustres
505 2058 532 2114 et
553 2043 672 2113 coelibes
689 2043 856 2140 oirpiuobis
880 2043 991 2140 pieriae
1019 2041 1099 2110 dotes

288 2178 490 2247 sereuissimoe
515 2178 658 2247 Domiua
681 2203 746 2248 sua
767 2174 910 2256 Atetta,
929 2176 1047 2244 siucero
1067 2187 1101 2241 ut

289 2306 423 2377 creditur
440 2306 584 2403 Spiritus
601 2305 713 2378 Sancti
728 2305 867 2385 coasilio,
885 2306 983 2374 sacris
999 2305 1100 2401 cirpi-

289 2440 378 2510 oibus
398 2438 595 2536 presidenti,
620 2441 747 2536 eprcpice
771 2440 829 2508 Dei
854 2440 960 2535 pratia
984 2439 1101 2533 oirpiui

291 2573 387 2641 matri
406 2572 439 2640 iu
457 2569 690 2666 Bertbiopeusis
709 2570 939 2666 couprepatioue
956 2567 1098 2644 careobii,

293 2701 439 2773 Osbertus
452 2701 489 2771 de
504 2701 614 2780 Claro,
625 2707 751 2771 'ortator
768 2701 914 2797 oirpiuea
927 2700 961 2768 iu
977 2697 1101 2768 Christo

286 2834 449 2932 pudicitia
478 2833 699 2930 aemulatorque
733 2833 800 2927 ojus
827 2832 1038 2902 sarictimouiae
1068 2832 1101 2898 io

292 2966 381 3036 obora
407 2967 567 3063 oirpiuum
596 2964 724 3044 calesti,
753 2991 773 3034 o
802 2963 926 3034 Christo
959 2962 1102 3031 coronari

293 3100 410 3180 laureo,
437 3113 465 3169 et
488 3097 631 3169 condida
657 3099 850 3196 oirpiuitutis
873 3093 1103 3192 incorruptibili

291 3234 432 3304 ditescere
444 3233 567 3330 pulmo.

291 3416 574 3512 Apponenturoum
586 3414 682 3508 gratia
694 3427 726 3483 et
739 3413 837 3483 salute
851 3424 997 3482 recentes
1011 3409 1101 3480 hodie

242 3549 296 3619 tibi
314 3548 442 3631 deliciae,
458 3546 496 3617 ed
509 3573 597 3644 quem,
613 3545 738 3616 soemina
751 3543 883 3628 virtutis⁷
900 3569 940 3614 ne
953 3542 1102 3613 formides

242 3707 350 3751 monus
363 3679 546 3762 extendere,
566 3680 636 3776 quia
650 3704 708 3748 nos
725 3677 872 3747 hesterna
891 3675 1025 3747 solidasti
1045 3701 1102 3744 re-

241 3812 389 3896 sectione,
425 3812 559 3883 refecisti
590 3823 727 3880 mentem
759 3835 821 3879 non
851 3821 1010 3890 ventrem,
1044 3833 1102 3878 neo

241 3945 368 4026 estotim,
396 3944 452 4013 sed
478 3944 636 4040 obsequiis
663 3954 824 4012 oneratum
852 3941 1008 4011 remisisti.
1064 3941 1102 4007 Et
