3012 5040
424 749 854 796 nrrsrotnnnnanarrnosruun.
1021 729 1060 797 ct

207 908 340 980 ecclesia
365 909 421 1016 Dei
441 908 669 980 immundorum
687 934 797 980 canum
819 908 951 981 efficitur
971 910 1069 981 cibus.

208 1040 305 1112 Multa
320 1053 420 1126 taceo,
434 1041 513 1112 meis
529 1041 621 1112 etiam
635 1040 742 1112 verbis
754 1065 817 1111 non
830 1039 951 1112 habens
966 1041 1070 1112 fidem.

210 1170 403 1243 Revelantur
424 1170 515 1243 hodie
535 1171 738 1269 cogitationes
757 1171 943 1258 mortalium,
968 1185 1001 1244 et
1021 1198 1077 1246 ac—

210 1316 390 1376 cusatorum
406 1304 517 1376 astutia
537 1318 620 1376 totus
642 1303 775 1376 mundus
797 1304 827 1374 in
846 1304 981 1401 maligno
997 1332 1077 1377 con-

211 1434 358 1508 stituitur.
397 1436 504 1506 Habes
517 1436 696 1520 claustrum,
716 1448 748 1506 ct
761 1435 792 1506 in
805 1435 939 1507 claustro
954 1462 1073 1536 pacem.

212 1565 270 1637 sed
292 1591 363 1637 eam
385 1582 605 1665 promerentur
623 1569 675 1640 tibi
697 1567 794 1639 nostri
817 1567 952 1638 labores.
1005 1569 1076 1640 Cir-

211 1713 431 1797 cumstrcpunt
444 1700 674 1798 malignantium
689 1699 833 1772 scandala
851 1713 935 1770 tuum
951 1700 1077 1773 domici-

212 1829 303 1913 lium,
327 1829 384 1902 sed
404 1845 510 1903 nostra
532 1832 675 1930 objicitur
697 1831 879 1916 sollicitudo,
899 1845 980 1903 tuam
999 1858 1078 1932 per-

213 1960 358 2030 muniens
378 1961 525 2060 quietem,
547 1976 581 2034 ut
598 1963 708 2035 cadant
720 1990 737 2034 a
751 1963 847 2065 latere
867 1977 919 2034 tuo
936 1963 1029 2048 mille,
1046 1979 1076 2035 ct

213 2090 326 2162 decem
347 2089 439 2163 millia
468 2119 485 2163 a
517 2093 635 2164 dextris
660 2094 736 2178 tuis,
764 2093 803 2164 ad
829 2107 860 2164 tc
887 2109 1075 2166 autemnon

213 2223 470 2321 appropinquant.
490 2225 563 2307 010,
576 2224 719 2309 lasciviis,
731 2226 782 2323 qui
796 2225 927 2296 animam
942 2227 1034 2296 tantis
1047 2227 1077 2296 in

213 2355 467 2427 amaritudinibus
489 2355 647 2452 gravidam
671 2355 709 2426 ad
738 2370 789 2426 tua
810 2358 937 2428 metrica
960 2357 1077 2429 decan—

214 2487 306 2558 tanda
329 2487 472 2572 lacessiS,
490 2500 572 2558 tuam
593 2487 719 2558 attende
736 2500 854 2571 artem,
871 2501 903 2558 et
920 2488 1079 2584 signanter

210 2618 312 2716 judica
331 2619 414 2718 quod
438 2619 500 2690 ludi
527 2634 558 2692 et
579 2619 748 2720 lachrymae
772 2647 835 2691 non
856 2621 1078 2692 convenienter

215 2752 245 2822 in
273 2778 366 2822 unam
395 2752 589 2850 eandemque
616 2752 749 2824 animam
775 2767 898 2824 coeunt.
962 2753 1079 2850 Argois

215 2898 387 2983 torporem,
398 2885 503 2982 arguis
515 2886 785 2984 sompnolentiam,
801 2885 906 2982 arguis
922 2887 1078 2959 voracita-

215 3031 291 3103 tem,
321 3017 378 3090 sed
405 3018 474 3092 haec
500 3033 582 3091 tuam
610 3019 797 3091 comitantur
822 3019 976 3116 ignaviam
1004 3035 1077 3091 cta
1149 3053 1152 3058 ¹

216 3149 332 3222 nostris
353 3151 458 3222 abiere
482 3151 656 3250 penatibus.
710 3155 811 3223 Nocte
835 3152 945 3223 bruma
971 3166 1003 3224 ct
1027 3153 1077 3225 dic

215 3281 1074 3383 affligimurcanmate‚ctsqualidiscomorantcsinlocis,

206 3413 352 3524 'divinum
378 3415 575 3512 singulariter
603 3417 795 3516 suspiramus
823 3418 984 3504 auxilium,
1011 3419 1078 3491 cla-

216 3559 338 3616 mantes
356 3571 427 3616 cum
448 3545 602 3643 Propheta
621 3574 627 3614 :
644 3548 714 3616 Heu
731 3546 819 3616 mihi!
842 3547 910 3645 quia
929 3549 1078 3622 incolatus

215 3701 304 3748 meus
325 3677 525 3775 prolongatus
543 3691 602 3763 est,
622 3677 756 3748 habitavi
778 3705 850 3751 cum
867 3677 1076 3754 habitantibus

215 3807 330 3892 cedar,
350 3809 444 3879 multa
460 3808 556 3880 incola
570 3809 624 3879 luit
636 3810 737 3880 anima
750 3835 830 3880 mea.
883 3813 1002 3902 Verum
1009 3816 1074 3910 jam

214 3941 252 4011 ad
274 3941 422 4038 praeclara
441 3943 553 4038 scripta
571 3956 602 4013 ct
622 3943 661 4014 ad
683 3969 838 4014 meracam
858 3958 980 4015 tuorum
1000 3972 1077 4016 ver·-
