3012 5040
451 779 587 826 urrsroun
600 779 735 826 maruan
748 779 881 828 cosmon.
1022 843 1027 854 ¹
1050 754 1095 828 75

238 939 303 1010 Sed
330 966 392 1012 non
421 953 470 1011 est
491 939 690 1014 sacerdotalis
711 941 860 1038 propositi
883 967 981 1037 nugas
1008 967 1098 1012 com-

239 1099 357 1170 ponere
366 1087 398 1144 et
411 1073 530 1171 poetica
543 1073 652 1144 imitari
665 1072 890 1170 phantasmata,
901 1073 988 1169 cujus
1000 1099 1098 1171 panes

223 1180 406 1304 'lachrymae
424 1218 505 1290 sunt,
527 1212 559 1276 et
576 1206 663 1301 cujus
680 1206 875 1278 conversatio
895 1206 925 1276 in
943 1207 1030 1278 ooelis
1049 1221 1098 1280 est

239 1339 300 1410 mel
322 1341 352 1410 in
371 1366 443 1411 cera
462 1340 539 1411 labia
560 1339 730 1412 sacerdotis
748 1339 900 1410 manantia
921 1340 1096 1412 charisma-

238 1472 320 1543 tibus
343 1486 375 1544 et
395 1473 575 1544 coelestibus
601 1472 813 1544 sacramentis,
865 1474 936 1544 Non
958 1472 1097 1568 indigent

237 1630 345 1674 aurum
374 1604 424 1674 vel
454 1628 588 1699 gemmae
612 1603 759 1674 exteriori
788 1602 954 1685 adornato,
984 1604 1095 1699 quibus

237 1735 361 1834 propria
384 1735 496 1806 sufficit
522 1735 724 1832 pulchritudo.
784 1735 864 1808 Meis
885 1714 1096 1808 indictamini-

237 1868 297 1937 hus
320 1867 418 1965 pedes
440 1868 594 1965 quaeritis,
621 1868 677 1938 sed
703 1868 815 1941 sufficit
839 1869 884 1940 eis
910 1868 1096 1967 eloquentiae

237 2000 319 2070 nitor
342 2013 373 2070 et
394 2001 618 2071 sententiarum
639 2000 771 2099 pondus,
829 2003 961 2072 Vestras
986 2001 1096 2073 solvite

238 2131 361 2215 salivas,
383 2146 415 2220 ot
434 2132 549 2203 vestris
567 2133 731 2204 invenietis
748 2134 778 2204 in
802 2135 947 2205 versibus
976 2135 1094 2205 asinum

237 2273 419 2356 coopertum
439 2261 560 2332 leonina
577 2261 669 2358 pelle.
722 2261 832 2332 Taedet
849 2287 899 2332 me
917 2275 1094 2332 vestrorum

238 2390 400 2460 enervium
419 2415 568 2460 versuum
582 2391 645 2488 qui,
665 2391 750 2461 velut
766 2390 884 2472 ssosculi
900 2392 964 2462 sola
983 2418 1096 2490 super-

238 2519 307 2590 ficie
330 2535 360 2591 et
379 2521 460 2592 nulla
479 2521 560 2593 intus
575 2522 708 2592 emicant
723 2522 819 2592 solida
834 2523 995 2618 gravitate.
1034 2526 1097 2594 De-

236 2651 410 2722 cidentibus
427 2679 508 2722 noua
521 2652 690 2724 succedunt
707 2667 858 2752 tempora,
874 2654 930 2725 sed
947 2667 1052 2726 vestra
1066 2657 1095 2726 in

238 2812 293 2854 sua
308 2783 503 2856 deformitate
522 2785 621 2857 studia
634 2787 860 2882 continuantur.
912 2787 1027 2872 Quales
1046 2788 1096 2857 in-

238 2917 339 2987 fantes
352 2917 432 2987 tales
443 2917 541 3014 pueri,
557 2916 666 3014 quales
678 2918 765 3015 pueri
777 2918 856 2988 tales
868 2917 1093 3003 adolescentes;

238 3047 358 3118 eisdem
373 3049 489 3121 vestris
506 3049 695 3147 sinalimphis
709 3063 741 3121 et
753 3051 981 3122 barbarissimis
994 3053 1097 3123 inlan-

240 3179 333 3250 tiliter
350 3179 517 3251 inhaeretis.
570 3183 642 3252 Nou
660 3195 709 3252 est
722 3182 852 3253 multum
866 3183 946 3281 loqui
964 3183 1004 3254 de
1017 3185 1096 3254 Ovi-

239 3311 302 3396 dio,
323 3313 347 3382 si
368 3339 430 3384 non
448 3313 572 3385 discatis
594 3315 675 3411 loqui
693 3339 732 3385 ex
755 3315 876 3386 ovidio.
929 3317 1021 3387 Aliud
1047 3332 1096 3387 est

199 3469 203 3474 ·
240 3444 323 3514 enim
344 3441 383 3516 de
405 3461 488 3531 arte,
512 3447 591 3518 aliud
613 3449 695 3546 loqui
717 3475 756 3518 ex
779 3463 856 3520 arte.
915 3451 963 3518 Ex
985 3449 1095 3520 Ovidio

238 3578 386 3677 deinceps
407 3606 478 3650 meo
498 3580 612 3676 judicio
632 3581 800 3679 loquimini,
822 3581 965 3678 quoniam
981 3583 1095 3652 vestris

239 3737 303 3780 non
331 3712 480 3809 applaudo
502 3713 643 3810 pedibus.
698 3714 729 3782 Si
757 3712 979 3783 sententiarum
1007 3715 1093 3784 nervi

239 3843 407 3928 defuerint,
424 3847 593 3943 percutitur
605 3873 670 3930 aer,
687 3861 718 3918 et
732 3848 880 3942 liguratur
893 3846 1021 3921 modus:
1038 3847 1094 3916 sed

237 3974 339 4046 anima
362 3977 508 4074 sapientis
530 3978 752 4050 sententiarum
775 3979 980 4076 impinguatur
1001 4004 1091 4075 pano,
