<?xml version="1.0" encoding="UTF-8"?>
<!DOCTYPE html PUBLIC "-//W3C//DTD XHTML 1.0 Transitional//EN"
    "http://www.w3.org/TR/xhtml1/DTD/xhtml1-transitional.dtd">
<html xmlns="http://www.w3.org/1999/xhtml" xml:lang="en" lang="en">
 <head>
  <title>
</title>
<meta http-equiv="Content-Type" content="text/html;charset=utf-8" />
  <meta name='ocr-system' content='tesseract 3.04.00' />
  <meta name='ocr-capabilities' content='ocr_page ocr_carea ocr_par ocr_line ocrx_word'/>
</head>
<body>
  <div class='ocr_page' id='page_1' title='image "./epistolaeherber00ethegoog_0182.png"; bbox 0 0 3038 5036; ppageno 0'>
   <div class='ocr_carea' id='block_1_1' title="bbox 464 711 1112 782">
    <p class='ocr_par' dir='ltr' id='par_1_1' title="bbox 464 711 1112 782">
     <span class='ocr_line' id='line_1_1' title="bbox 464 711 1112 782; baseline -0.008 -1"><span class='ocrx_word' id='word_1_1' title='bbox 464 736 575 782; x_wconf 73' lang='lat' dir='ltr'>osenna}</span> <span class='ocrx_word' id='word_1_2' title='bbox 594 735 629 782; x_wconf 78' lang='lat' dir='ltr'>DE</span> <span class='ocrx_word' id='word_1_3' title='bbox 647 736 737 782; x_wconf 79' lang='lat' dir='ltr'>GLARA</span> <span class='ocrx_word' id='word_1_4' title='bbox 755 737 902 782; x_wconf 82' lang='lat' dir='ltr'>EPIST01.AE.</span> <span class='ocrx_word' id='word_1_5' title='bbox 1044 711 1112 777; x_wconf 63' lang='grc'>159</span> 
     </span>
    </p>
   </div>
   <div class='ocr_carea' id='block_1_2' title="bbox 247 893 1112 2304">
    <p class='ocr_par' dir='ltr' id='par_1_2' title="bbox 247 893 1112 2304">
     <span class='ocr_line' id='line_1_2' title="bbox 251 893 1112 992; baseline 0 -31"><span class='ocrx_word' id='word_1_6' title='bbox 251 915 350 962; x_wconf 86' lang='lat' dir='ltr'>scere.</span> <span class='ocrx_word' id='word_1_7' title='bbox 405 893 516 964; x_wconf 89' lang='lat' dir='ltr'>Libros</span> <span class='ocrx_word' id='word_1_8' title='bbox 535 909 689 992; x_wconf 75' lang='lat' dir='ltr'>praeterea</span> <span class='ocrx_word' id='word_1_9' title='bbox 708 893 762 964; x_wconf 89' lang='lat' dir='ltr'>tibi</span> <span class='ocrx_word' id='word_1_10' title='bbox 778 894 892 991; x_wconf 90' lang='lat' dir='ltr'>optime</span> <span class='ocrx_word' id='word_1_11' title='bbox 910 904 1112 964; x_wconf 85' lang='lat' dir='ltr'>conservatus</span> 
     </span>
     <span class='ocr_line' id='line_1_3' title="bbox 251 1023 1112 1122; baseline 0.002 -30"><span class='ocrx_word' id='word_1_12' title='bbox 251 1023 446 1108; x_wconf 78' lang='lat' dir='ltr'>remittimus,</span> <span class='ocrx_word' id='word_1_13' title='bbox 467 1050 546 1122; x_wconf 89' lang='lat' dir='ltr'>quos</span> <span class='ocrx_word' id='word_1_14' title='bbox 562 1024 694 1120; x_wconf 84' lang='lat' dir='ltr'>gratuita</span> <span class='ocrx_word' id='word_1_15' title='bbox 711 1024 870 1122; x_wconf 85' lang='lat' dir='ltr'>praestitus</span> <span class='ocrx_word' id='word_1_16' title='bbox 889 1024 985 1120; x_wconf 80' lang='lat' dir='ltr'>gratia</span> <span class='ocrx_word' id='word_1_17' title='bbox 1004 1047 1042 1094; x_wconf 83' lang='lat' dir='ltr'>ex</span> <span class='ocrx_word' id='word_1_18' title='bbox 1062 1035 1112 1094; x_wconf 94' lang='lat' dir='ltr'>tua</span> 
     </span>
     <span class='ocr_line' id='line_1_4' title="bbox 250 1145 1112 1251; baseline 0.001 -28"><span class='ocrx_word' id='word_1_19' title='bbox 250 1153 407 1224; x_wconf 89' lang='lat' dir='ltr'>nobilitate</span> <span class='ocrx_word' id='word_1_20' title='bbox 421 1152 583 1249; x_wconf 77' lang='lat' dir='ltr'>delegatos</span> <span class='ocrx_word' id='word_1_21' title='bbox 596 1145 782 1251; x_wconf 88' lang='lat' dir='ltr'>accepimus.</span> <span class='ocrx_word' id='word_1_22' title='bbox 836 1155 994 1249; x_wconf 81' lang='lat' dir='ltr'>Rogamus</span> <span class='ocrx_word' id='word_1_23' title='bbox 1010 1153 1112 1251; x_wconf 89' lang='lat' dir='ltr'>itaque</span> 
     </span>
     <span class='ocr_line' id='line_1_5' title="bbox 250 1283 1109 1382; baseline 0.002 -28"><span class='ocrx_word' id='word_1_24' title='bbox 250 1284 364 1355; x_wconf 81' lang='lat' dir='ltr'>nullum</span> <span class='ocrx_word' id='word_1_25' title='bbox 395 1297 490 1354; x_wconf 84' lang='lat' dir='ltr'>tantae</span> <span class='ocrx_word' id='word_1_26' title='bbox 523 1283 699 1382; x_wconf 74' lang='lat' dir='ltr'>paternitati</span> <span class='ocrx_word' id='word_1_27' title='bbox 735 1297 904 1379; x_wconf 80' lang='lat' dir='ltr'>generetur</span> <span class='ocrx_word' id='word_1_28' title='bbox 938 1284 1109 1368; x_wconf 83' lang='lat' dir='ltr'>fastidium,</span> 
     </span>
     <span class='ocr_line' id='line_1_6' title="bbox 250 1414 1107 1513; baseline 0.004 -29"><span class='ocrx_word' id='word_1_29' title='bbox 250 1415 331 1512; x_wconf 89' lang='lat' dir='ltr'>quod</span> <span class='ocrx_word' id='word_1_30' title='bbox 349 1441 407 1513; x_wconf 89' lang='lat' dir='ltr'>pru</span> <span class='ocrx_word' id='word_1_31' title='bbox 423 1415 498 1486; x_wconf 89' lang='lat' dir='ltr'>tanti</span> <span class='ocrx_word' id='word_1_32' title='bbox 516 1414 669 1513; x_wconf 88' lang='lat' dir='ltr'>temporis</span> <span class='ocrx_word' id='word_1_33' title='bbox 686 1415 800 1486; x_wconf 86' lang='lat' dir='ltr'>retenti</span> <span class='ocrx_word' id='word_1_34' title='bbox 819 1427 891 1486; x_wconf 90' lang='lat' dir='ltr'>sunt</span> <span class='ocrx_word' id='word_1_35' title='bbox 903 1415 1107 1487; x_wconf 88' lang='lat' dir='ltr'>intervallum.</span> 
     </span>
     <span class='ocr_line' id='line_1_7' title="bbox 250 1545 1111 1642; baseline 0.003 -27"><span class='ocrx_word' id='word_1_36' title='bbox 250 1545 423 1617; x_wconf 84' lang='lat' dir='ltr'>Liberatrix</span> <span class='ocrx_word' id='word_1_37' title='bbox 441 1559 472 1616; x_wconf 83' lang='lat' dir='ltr'>et</span> <span class='ocrx_word' id='word_1_38' title='bbox 493 1545 639 1616; x_wconf 83' lang='lat' dir='ltr'>salvatrix</span> <span class='ocrx_word' id='word_1_39' title='bbox 662 1546 758 1642; x_wconf 82' lang='lat' dir='ltr'>gratia</span> <span class='ocrx_word' id='word_1_40' title='bbox 777 1546 834 1616; x_wconf 87' lang='lat' dir='ltr'>Dei</span> <span class='ocrx_word' id='word_1_41' title='bbox 851 1545 1008 1617; x_wconf 80' lang='lat' dir='ltr'>lucernam</span> <span class='ocrx_word' id='word_1_42' title='bbox 1030 1547 1111 1618; x_wconf 82' lang='lat' dir='ltr'>duc·-</span> 
     </span>
     <span class='ocr_line' id='line_1_8' title="bbox 249 1677 1110 1776; baseline 0.002 -27"><span class='ocrx_word' id='word_1_43' title='bbox 249 1678 429 1762; x_wconf 75' lang='lat' dir='ltr'>trimatum,</span> <span class='ocrx_word' id='word_1_44' title='bbox 455 1679 495 1750; x_wconf 93' lang='lat' dir='ltr'>ita</span> <span class='ocrx_word' id='word_1_45' title='bbox 516 1691 549 1749; x_wconf 89' lang='lat' dir='ltr'>ut</span> <span class='ocrx_word' id='word_1_46' title='bbox 572 1679 603 1750; x_wconf 91' lang='lat' dir='ltr'>in</span> <span class='ocrx_word' id='word_1_47' title='bbox 621 1679 753 1750; x_wconf 90' lang='lat' dir='ltr'>sublime</span> <span class='ocrx_word' id='word_1_48' title='bbox 778 1703 873 1776; x_wconf 86' lang='lat' dir='ltr'>super</span> <span class='ocrx_word' id='word_1_49' title='bbox 890 1677 1110 1751; x_wconf 85' lang='lat' dir='ltr'>candelabmm</span> 
     </span>
     <span class='ocr_line' id='line_1_9' title="bbox 248 1811 1111 1896; baseline 0 -14"><span class='ocrx_word' id='word_1_50' title='bbox 248 1811 395 1883; x_wconf 87' lang='lat' dir='ltr'>accendat</span> <span class='ocrx_word' id='word_1_51' title='bbox 408 1811 613 1896; x_wconf 76' lang='lat' dir='ltr'>excellentiae,</span> <span class='ocrx_word' id='word_1_52' title='bbox 629 1825 663 1882; x_wconf 93' lang='lat' dir='ltr'>ut</span> <span class='ocrx_word' id='word_1_53' title='bbox 675 1811 797 1882; x_wconf 89' lang='lat' dir='ltr'>videam</span> <span class='ocrx_word' id='word_1_54' title='bbox 811 1812 906 1884; x_wconf 86' lang='lat' dir='ltr'>oculis</span> <span class='ocrx_word' id='word_1_55' title='bbox 920 1812 1009 1896; x_wconf 74' lang='lat' dir='ltr'>mein,</span> <span class='ocrx_word' id='word_1_56' title='bbox 1024 1826 1111 1882; x_wconf 88' lang='lat' dir='ltr'>ante-</span> 
     </span>
     <span class='ocr_line' id='line_1_10' title="bbox 249 1936 1107 2040; baseline 0.001 -27"><span class='ocrx_word' id='word_1_57' title='bbox 249 1969 340 2040; x_wconf 89' lang='lat' dir='ltr'>quam</span> <span class='ocrx_word' id='word_1_58' title='bbox 351 1936 476 2027; x_wconf 82' lang='lat' dir='ltr'>muriar‚</span> <span class='ocrx_word' id='word_1_59' title='bbox 496 1956 525 2014; x_wconf 87' lang='lat' dir='ltr'>te</span> <span class='ocrx_word' id='word_1_60' title='bbox 538 1943 569 2012; x_wconf 93' lang='lat' dir='ltr'>in</span> <span class='ocrx_word' id='word_1_61' title='bbox 583 1969 704 2014; x_wconf 88' lang='lat' dir='ltr'>summo</span> <span class='ocrx_word' id='word_1_62' title='bbox 717 1943 916 2014; x_wconf 87' lang='lat' dir='ltr'>constitutum</span> <span class='ocrx_word' id='word_1_63' title='bbox 927 1943 1107 2026; x_wconf 76' lang='lat' dir='ltr'>sacerdotia,</span> 
     </span>
     <span class='ocr_line' id='line_1_11' title="bbox 249 2073 1109 2172; baseline 0.001 -28"><span class='ocrx_word' id='word_1_64' title='bbox 249 2073 326 2144; x_wconf 87' lang='lat' dir='ltr'>sieut</span> <span class='ocrx_word' id='word_1_65' title='bbox 342 2073 488 2172; x_wconf 88' lang='lat' dir='ltr'>pupulum</span> <span class='ocrx_word' id='word_1_66' title='bbox 501 2073 614 2146; x_wconf 88' lang='lat' dir='ltr'>Christi</span> <span class='ocrx_word' id='word_1_67' title='bbox 634 2074 783 2169; x_wconf 81' lang='lat' dir='ltr'>sanguine</span> <span class='ocrx_word' id='word_1_68' title='bbox 796 2073 993 2172; x_wconf 90' lang='lat' dir='ltr'>redemptum</span> <span class='ocrx_word' id='word_1_69' title='bbox 1010 2075 1109 2148; x_wconf 88' lang='lat' dir='ltr'>verbo</span> 
     </span>
     <span class='ocr_line' id='line_1_12' title="bbox 247 2206 1106 2304; baseline 0.001 -28"><span class='ocrx_word' id='word_1_70' title='bbox 247 2207 414 2278; x_wconf 78' lang='lat' dir='ltr'>informare</span> <span class='ocrx_word' id='word_1_71' title='bbox 432 2207 515 2304; x_wconf 87' lang='lat' dir='ltr'>sapis</span> <span class='ocrx_word' id='word_1_72' title='bbox 527 2219 559 2276; x_wconf 86' lang='lat' dir='ltr'>et</span> <span class='ocrx_word' id='word_1_73' title='bbox 573 2206 727 2303; x_wconf 83' lang='lat' dir='ltr'>exemplu.</span> <span class='ocrx_word' id='word_1_74' title='bbox 781 2207 868 2290; x_wconf 83' lang='lat' dir='ltr'>Vale,</span> <span class='ocrx_word' id='word_1_75' title='bbox 888 2207 1010 2294; x_wconf 76' lang='lat' dir='ltr'>dilecte,</span> <span class='ocrx_word' id='word_1_76' title='bbox 1026 2209 1106 2293; x_wconf 84' lang='lat' dir='ltr'>vale,</span> 
     </span>
    </p>
   </div>
   <div class='ocr_carea' id='block_1_3' title="bbox 249 2339 593 2410">
    <p class='ocr_par' dir='ltr' id='par_1_3' title="bbox 249 2339 593 2410">
     <span class='ocr_line' id='line_1_13' title="bbox 249 2339 593 2410; baseline 0 -2"><span class='ocrx_word' id='word_1_77' title='bbox 249 2353 282 2408; x_wconf 89' lang='lat' dir='ltr'>et</span> <span class='ocrx_word' id='word_1_78' title='bbox 299 2339 327 2408; x_wconf 93' lang='lat' dir='ltr'>in</span> <span class='ocrx_word' id='word_1_79' title='bbox 344 2352 497 2410; x_wconf 86' lang='lat' dir='ltr'>aeternum</span> <span class='ocrx_word' id='word_1_80' title='bbox 513 2339 593 2409; x_wconf 86' lang='lat' dir='ltr'>vale.</span> 
     </span>
    </p>
   </div>
   <div class='ocr_carea' id='block_1_4' title="bbox 321 2558 1029 2628">
    <p class='ocr_par' dir='ltr' id='par_1_4' title="bbox 321 2558 1029 2628">
     <span class='ocr_line' id='line_1_14' title="bbox 321 2558 1029 2628; baseline 0.001 -1"><span class='ocrx_word' id='word_1_81' title='bbox 321 2558 522 2628; x_wconf 82' lang='lat' dir='ltr'>EPISTOLA</span> <span class='ocrx_word' id='word_1_82' title='bbox 545 2559 645 2628; x_wconf 89' lang='lat' dir='ltr'>XXV.</span> <span class='ocrx_word' id='word_1_83' title='bbox 662 2558 768 2628; x_wconf 80' lang='lat' dir='ltr'>-Au</span> <span class='ocrx_word' id='word_1_84' title='bbox 773 2616 1029 2628; x_wconf 92' lang='grc'>.....</span> 
     </span>
    </p>
   </div>
   <div class='ocr_carea' id='block_1_5' title="bbox 246 2739 1108 4031">
    <p class='ocr_par' dir='ltr' id='par_1_5' title="bbox 246 2739 1108 4031">
     <span class='ocr_line' id='line_1_15' title="bbox 297 2739 1106 2838; baseline 0.002 -27"><span class='ocrx_word' id='word_1_85' title='bbox 297 2739 387 2824; x_wconf 88' lang='lat' dir='ltr'>Quod</span> <span class='ocrx_word' id='word_1_86' title='bbox 410 2740 488 2810; x_wconf 83' lang='lat' dir='ltr'>ultra</span> <span class='ocrx_word' id='word_1_87' title='bbox 520 2741 685 2811; x_wconf 90' lang='lat' dir='ltr'>terminum</span> <span class='ocrx_word' id='word_1_88' title='bbox 711 2765 805 2838; x_wconf 92' lang='lat' dir='ltr'>quem</span> <span class='ocrx_word' id='word_1_89' title='bbox 831 2742 1012 2826; x_wconf 75' lang='lat' dir='ltr'>statuimuS‚</span> <span class='ocrx_word' id='word_1_90' title='bbox 1040 2743 1106 2813; x_wconf 86' lang='lat' dir='ltr'>sine</span> 
     </span>
     <span class='ocr_line' id='line_1_16' title="bbox 246 2871 1108 2970; baseline 0.001 -26"><span class='ocrx_word' id='word_1_91' title='bbox 246 2885 333 2944; x_wconf 86' lang='lat' dir='ltr'>certa</span> <span class='ocrx_word' id='word_1_92' title='bbox 344 2871 475 2943; x_wconf 89' lang='lat' dir='ltr'>veritate</span> <span class='ocrx_word' id='word_1_93' title='bbox 489 2872 610 2968; x_wconf 84' lang='lat' dir='ltr'>evagati</span> <span class='ocrx_word' id='word_1_94' title='bbox 623 2899 741 2956; x_wconf 88' lang='lat' dir='ltr'>sumus,</span> <span class='ocrx_word' id='word_1_95' title='bbox 757 2899 819 2943; x_wconf 94' lang='lat' dir='ltr'>non</span> <span class='ocrx_word' id='word_1_96' title='bbox 831 2873 896 2970; x_wconf 76' lang='lat' dir='ltr'>egit</span> <span class='ocrx_word' id='word_1_97' title='bbox 911 2873 1037 2959; x_wconf 82' lang='lat' dir='ltr'>incuria,</span> <span class='ocrx_word' id='word_1_98' title='bbox 1050 2876 1108 2946; x_wconf 87' lang='lat' dir='ltr'>sed</span> 
     </span>
     <span class='ocr_line' id='line_1_17' title="bbox 247 3003 1108 3103; baseline 0 -29"><span class='ocrx_word' id='word_1_99' title='bbox 247 3003 418 3075; x_wconf 87' lang='lat' dir='ltr'>infirmitas.</span> <span class='ocrx_word' id='word_1_100' title='bbox 471 3007 550 3076; x_wconf 91' lang='lat' dir='ltr'>Nam</span> <span class='ocrx_word' id='word_1_101' title='bbox 565 3005 603 3076; x_wconf 93' lang='lat' dir='ltr'>ad</span> <span class='ocrx_word' id='word_1_102' title='bbox 621 3006 772 3103; x_wconf 89' lang='lat' dir='ltr'>privatam</span> <span class='ocrx_word' id='word_1_103' title='bbox 790 3006 901 3077; x_wconf 88' lang='lat' dir='ltr'>domus</span> <span class='ocrx_word' id='word_1_104' title='bbox 919 3021 1036 3080; x_wconf 87' lang='lat' dir='ltr'>nostrae</span> <span class='ocrx_word' id='word_1_105' title='bbox 1053 3035 1108 3080; x_wconf 83' lang='lat' dir='ltr'>re-.</span> 
     </span>
     <span class='ocr_line' id='line_1_18' title="bbox 247 3135 1106 3234; baseline 0.008 -29"><span class='ocrx_word' id='word_1_106' title='bbox 247 3135 336 3206; x_wconf 89' lang='lat' dir='ltr'>diens</span> <span class='ocrx_word' id='word_1_107' title='bbox 360 3137 563 3220; x_wconf 78' lang='lat' dir='ltr'>mansionem,</span> <span class='ocrx_word' id='word_1_108' title='bbox 592 3152 654 3208; x_wconf 91' lang='lat' dir='ltr'>tam</span> <span class='ocrx_word' id='word_1_109' title='bbox 688 3138 787 3209; x_wconf 89' lang='lat' dir='ltr'>subita</span> <span class='ocrx_word' id='word_1_110' title='bbox 820 3138 1003 3234; x_wconf 79' lang='lat' dir='ltr'>aegritudine</span> <span class='ocrx_word' id='word_1_111' title='bbox 1037 3167 1106 3212; x_wconf 91' lang='lat' dir='ltr'>sum</span> 
     </span>
     <span class='ocr_line' id='line_1_19' title="bbox 247 3266 1107 3364; baseline 0.008 -26"><span class='ocrx_word' id='word_1_112' title='bbox 247 3266 427 3364; x_wconf 56' lang='lat' dir='ltr'>depressum</span> <span class='ocrx_word' id='word_1_113' title='bbox 443 3282 476 3340; x_wconf 89' lang='lat' dir='ltr'>ut</span> <span class='ocrx_word' id='word_1_114' title='bbox 490 3294 548 3341; x_wconf 90' lang='lat' dir='ltr'>nec</span> <span class='ocrx_word' id='word_1_115' title='bbox 563 3283 646 3340; x_wconf 88' lang='lat' dir='ltr'>tuam</span> <span class='ocrx_word' id='word_1_116' title='bbox 661 3270 769 3341; x_wconf 82' lang='lat' dir='ltr'>faciem</span> <span class='ocrx_word' id='word_1_117' title='bbox 786 3269 895 3342; x_wconf 90' lang='lat' dir='ltr'>videre</span> <span class='ocrx_word' id='word_1_118' title='bbox 908 3271 1037 3344; x_wconf 81' lang='lat' dir='ltr'>ulterius</span> <span class='ocrx_word' id='word_1_119' title='bbox 1049 3299 1107 3346; x_wconf 84' lang='lat' dir='ltr'>nec</span> 
     </span>
     <span class='ocr_line' id='line_1_20' title="bbox 248 3400 1105 3500; baseline 0.008 -30"><span class='ocrx_word' id='word_1_120' title='bbox 248 3400 377 3471; x_wconf 85' lang='lat' dir='ltr'>salutem</span> <span class='ocrx_word' id='word_1_121' title='bbox 396 3401 560 3499; x_wconf 85' lang='lat' dir='ltr'>aliquando</span> <span class='ocrx_word' id='word_1_122' title='bbox 577 3401 745 3472; x_wconf 89' lang='lat' dir='ltr'>redituram</span> <span class='ocrx_word' id='word_1_123' title='bbox 763 3428 933 3500; x_wconf 88' lang='lat' dir='ltr'>sperarem.</span> <span class='ocrx_word' id='word_1_124' title='bbox 986 3407 1105 3477; x_wconf 88' lang='lat' dir='ltr'>Conva-</span> 
     </span>
     <span class='ocr_line' id='line_1_21' title="bbox 247 3531 1105 3632; baseline 0.007 -31"><span class='ocrx_word' id='word_1_125' title='bbox 247 3531 370 3603; x_wconf 86' lang='lat' dir='ltr'>leseens</span> <span class='ocrx_word' id='word_1_126' title='bbox 395 3533 487 3629; x_wconf 83' lang='lat' dir='ltr'>igitur</span> <span class='ocrx_word' id='word_1_127' title='bbox 506 3559 587 3605; x_wconf 90' lang='lat' dir='ltr'>nunc</span> <span class='ocrx_word' id='word_1_128' title='bbox 610 3547 643 3605; x_wconf 89' lang='lat' dir='ltr'>et</span> <span class='ocrx_word' id='word_1_129' title='bbox 665 3535 812 3632; x_wconf 84' lang='lat' dir='ltr'>sospitate</span> <span class='ocrx_word' id='word_1_130' title='bbox 836 3535 984 3620; x_wconf 79' lang='lat' dir='ltr'>donatuS,</span> <span class='ocrx_word' id='word_1_131' title='bbox 1012 3537 1051 3607; x_wconf 90' lang='lat' dir='ltr'>ad</span> <span class='ocrx_word' id='word_1_132' title='bbox 1074 3552 1105 3608; x_wconf 85' lang='lat' dir='ltr'>te</span> 
     </span>
     <span class='ocr_line' id='line_1_22' title="bbox 248 3665 1105 3762; baseline 0.008 -28"><span class='ocrx_word' id='word_1_133' title='bbox 248 3679 392 3762; x_wconf 89' lang='lat' dir='ltr'>tanquam</span> <span class='ocrx_word' id='word_1_134' title='bbox 422 3665 460 3736; x_wconf 92' lang='lat' dir='ltr'>ad</span> <span class='ocrx_word' id='word_1_135' title='bbox 487 3666 611 3738; x_wconf 88' lang='lat' dir='ltr'>unicum</span> <span class='ocrx_word' id='word_1_136' title='bbox 634 3666 746 3737; x_wconf 86' lang='lat' dir='ltr'>animae</span> <span class='ocrx_word' id='word_1_137' title='bbox 773 3691 853 3738; x_wconf 81' lang='lat' dir='ltr'>meae</span> <span class='ocrx_word' id='word_1_138' title='bbox 876 3667 1105 3741; x_wconf 87' lang='lat' dir='ltr'>reclinatorium</span> 
     </span>
     <span class='ocr_line' id='line_1_23' title="bbox 251 3797 1102 3898; baseline 0.008 -31"><span class='ocrx_word' id='word_1_139' title='bbox 251 3797 361 3894; x_wconf 78' lang='lat' dir='ltr'>dirigo,</span> <span class='ocrx_word' id='word_1_140' title='bbox 378 3798 538 3896; x_wconf 90' lang='lat' dir='ltr'>pristinam</span> <span class='ocrx_word' id='word_1_141' title='bbox 552 3798 768 3895; x_wconf 80' lang='lat' dir='ltr'>redintegrare</span> <span class='ocrx_word' id='word_1_142' title='bbox 784 3800 913 3898; x_wconf 82' lang='lat' dir='ltr'>cupiens</span> <span class='ocrx_word' id='word_1_143' title='bbox 925 3801 1102 3888; x_wconf 88' lang='lat' dir='ltr'>amicitiam;</span> 
     </span>
     <span class='ocr_line' id='line_1_24' title="bbox 247 3931 1104 4031; baseline 0.011 -32"><span class='ocrx_word' id='word_1_144' title='bbox 247 3943 278 4000; x_wconf 89' lang='lat' dir='ltr'>et</span> <span class='ocrx_word' id='word_1_145' title='bbox 295 3956 399 4028; x_wconf 82' lang='lat' dir='ltr'>quem,</span> <span class='ocrx_word' id='word_1_146' title='bbox 420 3945 453 4001; x_wconf 86' lang='lat' dir='ltr'>ut</span> <span class='ocrx_word' id='word_1_147' title='bbox 470 3931 609 4015; x_wconf 63' lang='lat' dir='ltr'>deceret,</span> <span class='ocrx_word' id='word_1_148' title='bbox 630 3932 779 4030; x_wconf 88' lang='lat' dir='ltr'>obsequio</span> <span class='ocrx_word' id='word_1_149' title='bbox 792 3959 853 4003; x_wconf 89' lang='lat' dir='ltr'>non</span> <span class='ocrx_word' id='word_1_150' title='bbox 867 3935 1016 4031; x_wconf 83' lang='lat' dir='ltr'>praevani,</span> <span class='ocrx_word' id='word_1_151' title='bbox 1031 3963 1104 4008; x_wconf 88' lang='lat' dir='ltr'>mu-</span> 
     </span>
    </p>
   </div>
   <div class='ocr_carea' id='block_1_6' title="bbox 0 0 1524 5036">
    <p class='ocr_par' dir='ltr' id='par_1_6' title="bbox 0 0 1524 5036">
     <span class='ocr_line' id='line_1_25' title="bbox 0 0 1524 5036; baseline 0 1"><span class='ocrx_word' id='word_1_152' title='bbox 0 0 1524 5036; x_wconf 95' lang='lat' dir='ltr'> </span> 
     </span>
    </p>
   </div>
  </div>
 </body>
</html>
