3012 5040
474 747 638 794 asianum
656 747 747 793 cnam
764 748 911 794 misione.
1054 728 1115 796 tar

266 931 339 1000 eg03
361 931 423 975 non
447 905 567 1002 estqui
590 930 660 976 eum
683 905 781 1000 magis
809 904 914 1002 diligat
937 932 1029 1003 quam
1050 931 1120 1003 ego.

265 1039 335 1106 Non
349 1063 398 1107 me
414 1037 553 1108 fallacem
570 1037 707 1136 reperiet
724 1037 890 1122 Sinonem,
908 1063 971 1108 n0n
991 1040 1125 1108 Laome-

266 1169 358 1241 donta
373 1169 552 1268 experietur
569 1170 746 1268 perjurum,
764 1195 823 1240 nec
838 1169 999 1267 aliquando
1016 1171 1125 1240 Protea

267 1300 440 1396 designabit
458 1301 647 1397 ambiguum.
700 1303 770 1371 Non
789 1325 840 1371 me
859 1301 1027 1372 adulatorio
1046 1327 1126 1372 sen-

267 1433 322 1503 tiet
344 1458 431 1503 more
456 1432 557 1530 palam
581 1432 686 1503 oscula
710 1432 924 1529 porrigentem
948 1445 979 1502 et
1001 1432 1125 1502 damin

267 1565 386 1636 viscera
420 1589 565 1661 mergere
600 1562 707 1635 fraude
737 1563 911 1635 seductoria
945 1565 1122 1662 pugionem.

267 1696 348 1767 Illius
369 1723 431 1767 non
448 1722 555 1794 quaeru
573 1723 717 1792 regnum,
742 1696 798 1766 sed
824 1696 965 1780 exilium,
991 1722 1050 1767 nec
1068 1723 1126 1766 ex—

267 1843 358 1927 pecto
376 1829 640 1925 glorificationem,
661 1829 718 1899 sed
737 1856 808 1902 cum
829 1829 880 1900 illo
897 1829 1126 1928 peregrinatio-

269 1985 356 2044 nem,
382 1985 441 2029 nee
457 1985 527 2030 eum
551 1985 589 2029 00
610 1959 752 2029 obtinere
775 1960 914 2054 gloriam,
935 1959 991 2030 sed
1009 1960 1126 2031 salvam

269 2105 360 2188 atque
394 2090 579 2161 incolumem
613 2090 692 2162 illius
726 2117 911 2188 permanere
946 2117 1122 2189 personam.

270 2223 333 2294 Sed
346 2223 418 2321 quid
436 2236 486 2293 est
503 2221 585 2320 quud
603 2223 733 2292 inaniter
745 2223 872 2294 laboro?
892 2223 1027 2321 quidest
1044 2225 1126 2322 quod

271 2370 315 2427 tot
333 2383 404 2428 eum
423 2356 578 2427 blanditiis
591 2355 725 2426 delimo?
776 2357 913 2426 Ismarus
932 2382 1003 2426 eum
1022 2357 1127 2451 genuit

271 2503 302 2559 et
312 2487 460 2585 Rhodope
472 2487 643 2585 parturivit.
697 2486 823 2571 Nescio,
835 2485 892 2556 nisi
911 2487 1126 2584 experimento

271 2618 416 2702 didicere,
429 2645 501 2690 enm
516 2644 555 2688 ex
570 2617 718 2716 praeclara
729 2616 878 2715 progenie
896 2616 1009 2687 domini
1027 2631 1058 2688 et
1075 2646 1128 2716 pa-

271 2754 326 2824 tris
350 2753 446 2824 nostri
465 2752 617 2836 Anselmi,
641 2750 872 2824 Cantuariensis
891 2749 1123 2848 archiepiscopi,

270 2887 481 2969 descendisse,
500 2885 552 2984 qui
566 2898 597 2954 et
610 2885 729 2955 eunetis
745 2883 836 2954 hodie
851 2883 1026 2954 viventibus
1039 2910 1127 2955 sane-

271 3019 354 3089 titate
371 3016 550 3116 praecelluit,
567 3029 597 3086 et
617 3015 645 3084 in
665 3015 805 3110 largitate
822 3013 1043 3084 misericordiae
1061 3041 1126 3112 praa

270 3151 392 3222 caeteris
412 3149 546 3248 praelatis
564 3147 727 3246 specialius
748 3148 872 3219 effulsit.
925 3149 1043 3218 Verum
1060 3146 1127 3218 hauc

270 3283 392 3354 interim
414 3296 581 3364 taceamus,
608 3293 638 3349 et
658 3306 753 3376 quum
775 3278 912 3362 redierit,
932 3279 1127 3350 revocabitur

271 3417 301 3486 in
319 3415 465 3512 judiciuin
485 3442 490 3482 :
511 3413 701 3511 querimonia
720 3413 776 3482 sibi
800 3411 853 3482 fiet
874 3411 914 3481 de
931 3412 1049 3509 seipso3
1071 3437 1127 3482 ca-

272 3547 400 3619 lumnias
428 3545 589 3630 ordinab0,
619 3557 801 3640 argumenta
827 3570 1021 3642 componam,
1049 3543 1126 3614 illius

272 3693 411 3776 teporem
426 3676 536 3747 litteris
550 3676 713 3755 accusab0,
734 3687 858 3745 erectus
879 3673 1075 3756 incubitum,
1097 3673 1127 3742 in

270 3809 470 3880 constantiam
494 3809 677 3904 objurgabO,
696 3805 779 3904 quod
802 3831 852 3876 me
872 3805 923 3902 qui
946 3803 1127 3876 tantundem

271 3942 374 4038 diligo,
395 3953 498 4013 mutua
516 3940 725 4010 vicissitudine
744 3939 924 4011 tantundem
943 3964 1004 4008 nun
1018 3937 1123 4032 diligit.
