3050 5040
436 704 478 774 lt
643 731 1073 778 nersronnuuuaunuuosmore.

431 902 570 998 quiritur.
625 903 832 974 Conscendite
849 905 1040 976 Heliconem.
1095 910 1289 981 inebriamini

433 1032 517 1101 lonte
541 1031 705 1102 Pieridum.
759 1033 910 1103 indefessi
934 1049 965 1105 et
983 1036 1137 1107 intermini
1156 1039 1288 1108 scribitis

432 1163 515 1242 mihi,
529 1163 628 1234 donec
641 1165 730 1234 vobis
744 1165 923 1236 rescribam.
983 1167 1220 1241 Adulescentes,
1238 1183 1290 1238 te-

433 1298 517 1368 diosa
536 1311 586 1368 est
604 1297 675 1368 mibi
695 1313 799 1369 vestra
817 1326 915 1379 musa,
928 1299 1000 1398 quid
1018 1301 1117 1371 scite?

481 1585 681 1654 EPISTOLA
698 1587 798 1655 XXV.
814 1631 860 1638 -
871 1587 918 1657 Ao
936 1589 1081 1658 Mantum
1094 1615 1229 1660 auoruau.

431 1753 552 1822 Douma
566 1778 624 1824 sun
639 1778 672 1822 ur
688 1779 782 1824 nouus
792 1753 912 1824 Anaua
928 1781 1053 1827 eouuuur
1068 1782 1152 1827 utrm
1163 1759 1287 1828 llltrunr

455 1868 574 1936 Ruormu
600 1869 767 1938 lluasuurus
795 1893 860 1939 suus
884 1871 1083 1950 Nonwreunsrs
1107 1897 1256 1942 saturnos,

481 2077 566 2148 Sicut
576 2078 655 2150 uber
665 2079 794 2164 lactens
810 2080 857 2150 vel
873 2107 983 2178 aquam
993 2081 1175 2165 sitiensaut
1188 2083 1287 2154 lessus

432 2212 579 2309 quietem,
604 2212 654 2282 vel
681 2213 762 2309 exul·
775 2213 916 2311 patriam,
942 2215 982 2284 ita
1001 2215 1100 2285 anima
1124 2241 1192 2287 mea
1212 2241 1287 2286 ves-

432 2357 488 2414 trae
517 2343 692 2441 praesentiae
718 2343 876 2415 desiderat
902 2346 1114 2417 relectionem.
1176 2348 1286 2418 Oleum

431 2476 564 2547 effusum
581 2502 695 2547 nomen
712 2491 864 2561 vestrum,
881 2477 911 2547 in
922 2479 1008 2574 cujus
1021 2479 1204 2574 fragrantias
1217 2506 1286 2550 nos

351 2696 354 2702 Ι
431 2623 488 2680 trae
507 2609 615 2706 patriae
630 2609 770 2681 veritatis
788 2624 943 2680 amatores
962 2610 1122 2681 insatiabili
1143 2611 1285 2682 aviditate

430 2742 641 2813 cucurrerunt.
714 2744 808 2812 Ester
833 2769 903 2840 quae
929 2743 1030 2842 potius
1055 2743 1169 2840 pietate
1195 2770 1284 2841 quam

431 2874 519 2969 regni
544 2874 664 2945 fastidio
688 2874 910 2958 delectabatur,
938 2876 986 2946 illa
1007 2876 1162 2946 orientalis
1181 2875 1285 2972 regina

431 3021 587 3078 terrenam
604 3007 777 3079 Jerusalem
799 3008 937 3106 implevit
959 3009 1099 3080 vestibus
1121 3023 1152 3079 et
1174 3008 1286 3107 lapidi-

430 3139 500 3222 bus
517 3139 682 3234 unguentis
695 3152 726 3209 et
739 3140 928 3212 aromatibus
945 3167 1076 3238 quorum
1090 3141 1286 3212 excellentias

432 3271 577 3340 Salomon
601 3271 786 3357 adrniratu5‚
814 3273 893 3343 ultra
917 3300 979 3344 non
1002 3273 1107 3344 habuit
1133 3273 1281 3371 spiritum.

432 3405 482 3475 Sic
490 3418 521 3476 et
530 3431 598 3486 vos,
612 3395 789 3476 beatissima
799 3405 929 3501 Regina,
941 3420 1081 3476 nostrum
1095 3406 1285 3478 occidentem

408 3552 513 3610 ·tanta
535 3539 687 3636 opulentia
710 3538 781 3610 fidei
806 3553 837 3610 et
861 3539 1020 3632 virtutum,
1040 3567 1161 3611 morum
1181 3555 1212 3610 et
1229 3567 1285 3611 ac-

431 3683 515 3741 tuum
530 3671 659 3756 ditastis,
675 3686 709 3744 ut
722 3673 800 3743 ultra
815 3698 876 3744 non
893 3672 1062 3743 babeamus
1075 3673 1122 3744 cui
1138 3672 1285 3744 consimili

429 3803 591 3876 dilectione
615 3805 768 3875 inhaerere
799 3805 939 3875 velimus.
1002 3804 1180 3876 Penetravit
1208 3803 1286 3874 fines

430 3933 534 4004 mundi
546 3947 662 4003 vestrae
681 3933 836 4028 religionis
854 3934 931 4004 odor
948 3948 979 4004 et
999 3935 1286 4030 circumjacentibus
