3050 5040
453 775 881 824 nrrsronnnnannnrrtosmcn.
1078 757 1098 820 9

239 943 365 1024 peccato
390 933 541 1028 proximo,
563 949 594 1005 et
613 935 740 1006 audebis
764 937 879 1007 ollerre
908 938 986 1008 irato
1008 940 1095 1006 Deo‘?

240 1061 367 1143 Eamus,
379 1064 485 1149 trater,
497 1093 613 1147 eamus,
623 1067 916 1139 cordiscontritione
929 1081 961 1138 et
970 1067 1098 1139 lletuum

241 1195 442 1267 amaritudine
450 1198 584 1270 divinam
598 1202 878 1272 reconciliationem
891 1202 1095 1298 requiramus,

243 1350 422 1425 mensaeque
454 1329 618 1401 immortali
650 1332 831 1402 immortalia
860 1358 988 1402 munera
1013 1358 1100 1402 mun·

243 1456 322 1528 datis
335 1461 477 1531 manibus
493 1461 671 1533 offeramus.
726 1464 904 1534 Habeamus
921 1489 987 1561 prae
1003 1464 1099 1534 oculis

243 1604 274 1661 et
291 1593 420 1690 apostoli
441 1594 613 1667 doctrinam
634 1611 666 1667 et
688 1598 840 1693 evangelii
862 1598 1037 1682 historiam;
1058 1598 1101 1667 sic

244 1725 326 1795 enim
335 1726 446 1798 clamat
454 1730 613 1826 apostolus
623 1757 628 1797 :
640 1731 699 1814 Qui
710 1731 793 1800 enim
806 1730 969 1803 manducat
982 1743 1014 1801 et
1025 1730 1102 1802 bibit

245 1855 368 1951 indigne
382 1857 542 1954 judicium.
562 1861 618 1930 sibi
633 1861 790 1933 manducat
809 1876 839 1932 et
853 1863 927 1932 bibit
942 1889 1004 1933 non
1017 1862 1102 1958 diju-

244 1989 350 2060 dicans
362 2015 474 2088 corpus
485 1993 616 2064 Domini.
646 1995 686 2063 Et
701 1995 921 2091 Evangelium:
937 1994 1041 2076 ludas,
1054 1995 1104 2063 in-

246 2122 321 2217 quit,
350 2138 420 2220 post
445 2138 604 2222 acceptam
627 2125 798 2197 buccellam
824 2126 927 2196 statim
953 2126 1047 2197 exim't
1073 2139 1105 2196 et

246 2253 370 2325 tradidit
391 2256 584 2351 magistrum,
613 2255 670 2326 sed
696 2282 790 2354 quem
816 2257 973 2328 nesciebat
990 2259 1101 2328 Deum.

247 2389 276 2455 N
278 2413 324 2465 os,
337 2412 424 2465 vero,
435 2388 487 2486 qui
495 2402 605 2458 eumet
613 2391 713 2459 Deum
725 2389 850 2472 scimus,
860 2391 966 2485 etejus
972 2413 1104 2486 corpore

248 2520 433 2614 saginamur,
445 2521 513 2616 ejus
526 2520 727 2590 severitatem
741 2520 846 2591 Judieii
861 2521 1034 2602 timeamus,
1047 2545 1105 2590 se-

248 2652 362 2722 veritas
382 2651 465 2722 enim
486 2653 554 2747 ejus
577 2651 754 2736 metuenda,
775 2666 807 2722 et
827 2651 937 2748 judicia
960 2652 1105 2750 Abyssus

249 2786 352 2857 multa.
380 2788 518 2856 Fuerunt
535 2785 629 2868 enim,
646 2784 752 2868 lrater,
771 2784 897 2855 luerunt
909 2783 957 2854 illa
970 2784 1106 2855 obscena

249 2918 503 3017 tempora‚·‘·'pene
525 2919 564 2989 ab
582 2918 659 2988 orbe
677 2916 801 2988 condito
814 2942 912 3014 usque
931 2917 969 2987 ad
987 2916 1107 2988 adven-

250 3067 314 3125 tum
351 3051 535 3134 silvatoris,
568 3050 680 3148 quibus
713 3049 913 3145 ignorabatur
946 3050 1048 3130 DeuS,
1077 3061 1109 3117 et

250 3185 397 3257 immundi
410 3183 592 3255 colebantur
603 3181 740 3279 spiritus3
752 3179 981 3250 immundorum
994 3179 1108 3276 templa

250 3319 408 3416 spirituum
433 3315 607 3385 immundas
627 3315 794 3410 exigebant
813 3312 941 3394 hostiae,
958 3336 1028 3408 quae
1045 3337 1107 3381 non

249 3452 305 3522 nisi
330 3452 370 3522 ab
388 3449 554 3520 immundis
573 3461 718 3545 poterant
736 3445 876 3516 exhiberi
895 3443 1109 3515 sacerdotibus

248 3584 278 3653 in
296 3583 435 3680 templis;
457 3581 602 3653 Mercurii
622 3581 702 3650 lurta
726 3595 757 3649 et
779 3578 865 3649 lovis
882 3576 1030 3648 adulteria
1053 3603 1109 3646 so—

249 3714 330 3784 lenni
349 3711 559 3784 celebratione
575 3712 807 3782 venerabantur
824 3721 856 3778 et
876 3707 997 3779 scenica
1018 3733 1109 3779 seur-

250 3848 360 3917 rilitate
370 3847 629 3944 representabant
638 3845 668 3915 in
678 3844 818 3916 theatris.
872 3845 949 3912 Haec
960 3853 1049 3911 erant
1061 3841 1109 3910 illa

247 3982 384 4051 obscena
398 3993 429 4048 et
443 3977 645 4048 abominanda
660 3974 819 4048 sacrificia.
835 3973 947 4070 quibus
961 3971 1108 4041 immundi

996 4107 1011 4140 ι)
