3050 5040
372 679 418 752 24
582 703 866 748 xrrsroxnnnnnxnn
881 703 1013 748 xosmcn.

372 865 439 934 talis
470 864 610 934 inimicus
635 864 686 961 qni
715 876 747 932 et
776 863 873 960 ipsius
898 863 1057 933 Creatoris
1073 857 1230 960 ¹superbae

372 995 579 1093 aequalitatem
602 995 740 1079 ambivit,
762 1007 794 1064 et
814 993 951 1066 Paradisi
976 994 1092 1065 incolas
1115 994 1232 1092 primos

373 1127 496 1198 humani
518 1128 643 1223 generis
664 1141 812 1225 parentes
830 1127 933 1198 invide
952 1127 1079 1225 expulit,
1102 1152 1231 1196 eorum-

373 1284 433 1355 que
460 1259 601 1330 sobolem
628 1283 719 1328 novae
743 1259 1002 1355 peregrinationis
1028 1258 1118 1329 exilio
1138 1284 1232 1328 erra-

373 1391 508 1460 bundam
524 1391 644 1462 Divinae
663 1391 838 1464 severitatis
859 1390 1014 1488 inopinato
1035 1389 1232 1461 cathaclismo

374 1523 585 1594 obscoenitatis
594 1523 830 1622 intemperantia
838 1523 1049 1594 fraudulenter
1058 1523 1229 1621 supposuit.

375 1654 440 1738 Fili,
464 1656 681 1752 peregrinatur
704 1655 734 1725 in
760 1655 821 1728 boc
844 1655 959 1726 mundo
979 1656 1086 1726 civitas
1108 1655 1177 1739 Dei,
1201 1669 1234 1724 et

374 1787 413 1856 ab
435 1787 516 1860 Abel
535 1789 620 1884 justo
641 1815 739 1886 usque
765 1789 803 1860 ad
825 1790 966 1860 ultimum
987 1789 1120 1883 electum
1141 1813 1233 1858 nemo

374 1933 556 1990 coronatur.
586 1919 643 1988 nisi
669 1921 720 2016 qui
750 1921 886 2016 legitime
916 1921 1093 1992 certaverit.
1150 1921 1234 1990 Ante

375 2049 478 2144 legem
499 2064 530 2122 et
552 2052 611 2121 sub
633 2051 703 2145 lege
724 2051 878 2122 laboriose
899 2053 996 2123 nostri
1018 2052 1147 2150 praeliati
1164 2067 1236 2122 sunt

376 2196 492 2278 patres,
513 2182 559 2252 sui
578 2182 748 2252 Salvatoris
763 2209 780 2251 a
796 2182 888 2276 longe
909 2183 1079 2254 salutantes
1091 2207 1236 2281 praesen-

377 2314 461 2398 tiam,
488 2327 519 2384 et
542 2327 720 2384 nostrorum
739 2327 916 2412 temporum
943 2342 1067 2386 suarum
1088 2315 1236 2385 virtutum

377 2446 515 2542 insigniis
527 2445 764 2544 praefigurantes
779 2447 1012 2545 plenitudinem.
1066 2447 1238 2518 Suislabo-

377 2581 516 2652 rantibus
536 2581 632 2679 copiis
651 2595 832 2680 expectatus
856 2581 1037 2679 supervenit
1055 2581 1234 2679 imperator,

377 2713 539 2784 hostilibus
574 2715 661 2784 irruit
699 2714 858 2796 manibuS,
897 2713 996 2797 cedit,
1037 2711 1234 2812 expugnavit,

377 2844 500 2929 alllixit,
536 2845 681 2929 extinxit,
715 2845 877 2942 ipsumque
908 2845 1041 2942 primum
1073 2842 1239 2942 paricidam

379 2991 411 3048 et
438 2978 556 3076 peccati
587 2993 708 3076 patrem
742 2977 953 3074 igniominiosa
983 2977 1239 3049 condemnatione

379 3109 538 3207 perpetuis
560 3111 590 3180 in
613 3110 762 3182 incendiis
785 3111 948 3207 colligavit.
1002 3109 1103 3181 Ardet
1128 3108 1242 3180 Satha—

380 3269 436 3312 nas
462 3242 571 3314 inlerni
596 3268 723 3314 carcere
749 3242 1011 3341 condempnatus
1040 3255 1071 3312 et
1097 3241 1241 3312 Sathanae

379 3378 509 3447 assentit
548 3376 800 3472 suggestionibus
839 3376 939 3446 anima
972 3401 1064 3473 quam
1102 3373 1243 3444 liberavit

380 3508 530 3580 Christus.
593 3509 701 3580 Nostri
748 3508 904 3580 exercitus
943 3508 1026 3578 solos
1062 3505 1243 3576 deficientes

380 3643 487 3740 aflligit
509 3644 586 3715 lixas
608 3657 640 3715 et
665 3670 757 3742 quam
781 3645 812 3714 in
834 3641 1046 3740 praeliantibus
1067 3667 1129 3711 non
1154 3662 1244 3737 prae-

353 3779 473 3849 sumit
512 3778 766 3848 in'lassatorum
798 3775 934 3859 exuviiS,
971 3800 1059 3844 suam
1093 3771 1245 3842 Satbanas

380 3926 508 3982 exercet
526 3910 724 3982 iracundiam.
777 3912 911 4004 Magnus
930 3907 979 3978 ille
998 3921 1029 3977 et
1048 3931 1124 3977 vere
1143 3904 1245 3998 singu-
