3050 5040
431 702 476 768 56
634 727 770 772 urrsronu
787 727 920 773 nnnnnnn
939 731 1072 776 cosroen.

429 885 538 954 Restat
551 909 625 981 spes
643 910 713 981 quae
731 899 813 955 tuam
831 887 1008 957 consolatur
1025 887 1213 971 dilationem,
1237 888 1289 957 do

429 1040 488 1085 nec
505 1013 543 1085 ad
560 1015 698 1085 veritatis
713 1041 805 1112 quam
824 1033 971 1114 expectas
986 1019 1151 1116 pervenias
1170 1019 1289 1090 fruitio-

429 1170 513 1216 nem.
575 1147 654 1216 Sunt
679 1159 711 1215 et
737 1145 796 1217 illae
826 1147 857 1216 in
885 1159 935 1218 tua
962 1163 1067 1220 mente
1093 1149 1287 1220 scientiarum

430 1275 543 1347 divitiae
564 1299 640 1372 quas
659 1301 718 1346 nec
735 1275 843 1374 praedo
856 1289 959 1374 potest
973 1279 1108 1363 aulerre,
1129 1305 1186 1350 nec
1204 1280 1288 1350 lures

428 1422 558 1506 possunt
570 1421 742 1507 asportare,
758 1432 817 1478 nec
831 1409 912 1480 tinea
926 1409 975 1480 vel
990 1411 1101 1507 rubigo
1118 1412 1288 1510 praevalent

428 1540 579 1611 demoliri.
633 1543 708 1610 Haec
726 1540 827 1610 omnio
845 1540 910 1625 tibi,
931 1566 970 1612 ex
988 1568 1049 1613 uno
1066 1555 1098 1613 et
1118 1567 1286 1640 perunum

430 1687 462 1744 et
484 1673 598 1743 inuno
619 1671 820 1742 conseruntur
842 1673 927 1756 Deo,
953 1699 970 1742 a
992 1697 1054 1770 quo
1080 1673 1134 1759 tibi
1158 1686 1191 1743 et
1215 1698 1285 1743 esse

430 1818 461 1875 et
477 1804 680 1876 intellectuale
698 1817 730 1873 et
750 1802 897 1873 rationale
916 1829 1000 1888 esse,
1018 1805 1069 1876 ubi
1086 1819 1118 1875 tu
1138 1805 1240 1902 imago
1256 1819 1286 1876 et

427 1935 592 2007 similitudo
607 1934 664 2004 Dei
682 1933 845 2029 insignitus
862 1959 898 2004 es
911 1935 950 2005 ad
967 1936 1143 2034 exemplum
1157 1938 1200 2008 tui
1213 1963 1285 2009 con-

427 2068 544 2139 ditoris.
596 2065 734 2138 Videsne
759 2079 872 2163 quanta
898 2094 915 2156 a
944 2081 996 2138 tuo
1021 2067 1182 2140 conditore
1206 2071 1285 2141 bonu

427 2200 606 2298 acceperis?
620 2213 652 2270 et
664 2211 778 2297 quanta
795 2223 901 2270 rerum
917 2213 949 2270 et
965 2200 1131 2296 gratiarum
1149 2202 1286 2299 pulchri-

427 2331 531 2403 tudine
560 2344 622 2403 tuae
649 2331 808 2429 parvitatis
838 2331 1059 2403 obscuritatem
1084 2345 1155 2404 tuus
1181 2348 1286 2405 auctor

424 2466 644 2539 illustraverit?
695 2462 907 2562 Ingratissime
940 2466 1076 2537 omnium
1107 2465 1282 2553 hominum,

425 2613 615 2698 praesentem
636 2598 798 2698 perpende
819 2624 955 2683 causam,
976 2611 1008 2670 et
1024 2599 1134 2672 librata
1153 2601 1283 2673 veritate

426 2757 533 2803 veram
559 2730 598 2801 de
625 2731 685 2801 tuis
706 2729 876 2800 insolentiis
900 2731 1061 2828 promulgo
1085 2732 1279 2803 sententiam.

426 2866 504 2936 Tum
522 2862 647 2959 eguilla
664 2862 842 2961 presbyteri
860 2862 1007 2933 leronimi
1025 2862 1146 2959 llagella
1162 2889 1286 2935 memo-

427 3020 510 3079 rans,
526 2993 664 3065 etBoetii
677 2993 921 3064 consolationem
933 2993 1136 3092 philosophiae
1146 2995 1282 3092 diligenti

390 3219 393 3227 .
425 3127 574 3198 memoria
591 3126 777 3222 recogitans
802 3150 904 3196 meam
923 3127 1087 3198 confessus
1103 3153 1172 3198 sum
1194 3129 1285 3225 igno-

426 3259 566 3344 rantiam,
603 3283 745 3356 meaeque
778 3257 960 3354 ignorantiae
995 3257 1119 3330 diutinis
1150 3284 1285 3332 concre-

426 3405 489 3463 tam
513 3390 701 3462 fatuitatibus
726 3389 887 3461 reservavi
913 3389 1144 3487 turpitudinem.
1203 3393 1285 3462 Vera

426 3535 507 3607 sunt,
526 3521 663 3620 inquam,
681 3520 813 3592 Domina
830 3544 900 3618 quae
919 3520 1112 3618 exsequeris,
1128 3533 1160 3592 et
1175 3522 1285 3593 nullius

425 3653 636 3752 repugnantiae
657 3653 816 3725 obstaculo
836 3665 967 3750 possunt
986 3651 1095 3723 relelli.
1143 3653 1282 3737 peccavi,

424 3785 533 3871 fateor,
552 3797 585 3855 et
602 3810 664 3854 non
683 3784 782 3854 solum
798 3783 829 3854 in
849 3783 981 3854 lectione
1001 3783 1161 3879 gentilium
1178 3797 1285 3856 aucto-

423 3945 503 4004 rum,
530 3943 639 3989 verum
662 3918 753 3987 etiam
775 3917 806 3987 in
826 3915 997 3987 eorundem
1019 3915 1186 3987 imitatione
1216 3929 1285 3986 tur-
