3050 5040
486 741 622 786 nrrsrotn
637 741 770 788 annonari
786 743 917 788 cosmon.
1089 721 1134 788 55

272 898 401 978 mundo,
416 900 516 996 opima
528 899 650 972 victima
669 914 700 970 et
717 902 776 971 tuis
790 901 1016 972 infirmitatibus
1028 929 1137 974 neces-

274 1032 356 1102 saria
371 1032 395 1100 si
410 1031 503 1128 digne
517 1046 645 1115 mactae,
658 1034 759 1129 dignis
776 1036 800 1104 si
814 1037 955 1106 mantbus
968 1049 1132 1108 attrectes:

275 1162 366 1232 aliter
389 1177 611 1261 praesumptum
638 1164 773 1236 officium
795 1166 938 1262 judicium
957 1194 1136 1266 praesump-

277 1293 355 1363 toris
372 1293 514 1378 efficitur,
535 1308 567 1364 et
586 1309 719 1366 mortem
742 1310 888 1394 operatur
909 1297 1035 1393 indigno
1056 1323 1134 1369 con—

277 1426 401 1496 sectari.
455 1425 566 1496 Adhuc
580 1452 640 1521 ego
653 1429 855 1498 conturbatus
872 1443 904 1498 et
917 1442 1010 1500 tantae
1029 1431 1140 1526 majes-

278 1557 350 1628 tatis
365 1557 631 1654 objurgationibus
646 1559 804 1643 confusus
821 1561 899 1658 coepi
913 1560 1054 1630 meditari
1067 1562 1139 1658 quid

278 1689 443 1774 referrem,
463 1690 584 1788 qualive
607 1691 812 1787 responsione
834 1691 1008 1762 convictam
1028 1691 1141 1762 levita-

278 1833 344 1890 tem
367 1821 581 1892 defenderem.
634 1825 752 1894 Verum
774 1823 834 1908 illa,
859 1825 982 1895 turbato
998 1825 1084 1895 vultu
1109 1839 1141 1894 et

280 1965 397 2024 mutato
422 1977 580 2037 sermone,
605 1955 736 2024 saeviore
760 1979 815 2024 ore
835 1955 1022 2053 increpitans
1043 1985 1049 2025 :
1071 1959 1141 2026 Non

280 2096 382 2180 poteS,
402 2085 509 2183 inquit,
524 2084 631 2156 lallare
647 2087 760 2168 Deum,
779 2111 839 2156 nec
853 2085 933 2156 aliud
951 2087 1142 2184 respondere

280 2219 349 2287 Deo
374 2243 466 2316 quam
484 2218 566 2316 quod
588 2231 638 2288 cst
658 2219 689 2288 in
707 2243 804 2316 opere
822 2231 854 2289 et
870 2219 1057 2290 conscientia
1078 2233 1139 2291 tua.

281 2349 444 2420 Debueras
460 2350 596 2420 retinere
615 2351 727 2448 quibus
740 2363 772 2420 te
786 2375 826 2420 ex
839 2351 1029 2421 stercoribus
1045 2353 1145 2422 erexit

283 2485 379 2567 Deus,
395 2496 427 2554 et
437 2482 476 2554 ad
489 2509 567 2582 quos
581 2482 799 2554 celsitudinum
812 2483 911 2552 erexit
924 2483 1039 2578 gradus
1052 2510 1143 2581 quam

284 2642 346 2687 non
362 2616 515 2687 habueras
528 2641 567 2687 ex
579 2630 697 2700 natura,
711 2640 751 2685 ex
765 2615 861 2711 gratia
874 2614 931 2685 Dei
945 2627 1142 2700 consecutus
1205 2639 1207 2643 ·

286 2764 317 2820 et
335 2749 458 2845 generis
475 2750 656 2833 claritatem,
672 2749 812 2847 corporis
827 2748 1078 2832 incolumitatem,
1100 2748 1145 2819 di-

287 2881 427 2952 vitiarum
450 2880 678 2973 abundantiam,
706 2880 888 2976 dignitatum
908 2881 1140 2968 celsitudinem,

287 3039 478 3084 summorum
502 3011 640 3082 virorum
668 3012 807 3082 notitiam
834 3025 867 3082 et
893 3012 1139 3084 familiaritatem.

288 3143 332 3212 At
350 3141 419 3213 haee
435 3168 529 3240 parva
547 3142 572 3212 si
595 3156 645 3213 tua
666 3142 697 3212 in
717 3155 747 3213 te
767 3142 896 3240 respicis
917 3143 1063 3215 interiora
1093 3173 1099 3213 τ
1128 3173 1144 3216 a

289 3276 356 3344 Deo
370 3273 455 3345 cordi
470 3286 523 3344 tuo
537 3273 635 3370 pietas
649 3299 708 3370 qua
721 3275 821 3343 Deum
835 3275 1044 3369 recognoscis
1060 3301 1147 3346 amor

288 3433 351 3504 quo
376 3409 477 3477 Deum
502 3405 618 3502 diligis,
644 3404 806 3504 prudentia
831 3431 891 3502 qua
915 3406 975 3476 tuis
1000 3407 1147 3504 provides

290 3538 477 3624 actionibuS,
494 3538 698 3636 temperantia
719 3563 779 3634 qua
795 3537 973 3634 passionum
995 3538 1147 3609 incentiva

290 3669 447 3754 refrenas,
467 3670 614 3741 fortitudo
634 3671 721 3766 cujus
743 3670 857 3740 robore
880 3668 1053 3740 mundanos
1074 3670 1148 3741 ssuc-

290 3815 342 3870 tus
361 3800 497 3896 mitigaS,
517 3801 632 3898 justitia
658 3826 718 3897 qua
737 3812 769 3870 ct
787 3803 854 3870 lleo
876 3827 930 3870 sua
955 3814 986 3871 et
1006 3801 1058 3872 tibi
1078 3815 1144 3884 tua,

291 3945 324 4003 et
341 3933 420 4004 civili
439 3933 686 4005 consideratione
702 3934 865 4031 unicuique
884 3933 990 4004 reddis
1012 3935 1144 4031 propria.

1062 4135 1092 4148 -r
