3038 5036
415 703 426 768 l
438 698 482 772 it
618 727 729 770 osnnun
748 728 782 772 nu
799 729 891 772 cunas
909 729 1056 773 nnsrotn.

414 883 630 980 gemebundus
654 885 683 954 in
711 885 819 956 ordine
848 887 969 984 suspiro
1000 888 1177 984 penuriam,
1205 913 1273 985 prae

414 1016 521 1087 dolore
533 1016 709 1112 languentis
723 1017 834 1088 animai
846 1043 972 1088 earnem
986 1019 1086 1089 sentio
1101 1017 1277 1089 vehemen-

413 1162 463 1217 ter
489 1160 688 1218 attenuatam.
743 1148 794 1218 Sic
821 1147 954 1218 humiles
977 1175 1065 1219 casas
1091 1149 1163 1219 mihi
1184 1175 1278 1220 com-

413 1279 525 1348 missas
542 1279 684 1374 ingressa
697 1292 745 1348 est
763 1304 831 1349 mea
849 1279 1037 1377 simplicitas,
1053 1294 1086 1350 ut
1103 1306 1173 1350 cum
1190 1282 1275 1350 omni

411 1412 565 1482 bonorum
595 1412 681 1509 copia
714 1411 840 1482 easdem
870 1437 1032 1509 sperarem
1063 1413 1276 1510 temporaliter

411 1543 552 1628 affluere,
572 1544 664 1614 totius
686 1543 829 1614 humanae
851 1546 1034 1616 substantiae
1052 1546 1158 1643 reique
1177 1545 1274 1615 lami-

413 1675 496 1744 liaris
527 1674 690 1744 videantur
724 1675 922 1770 indigentiam
956 1676 1119 1746 sustinere.
1182 1675 1275 1746 Unde

414 1821 445 1876 et
472 1806 510 1877 ad
536 1809 730 1902 majestatem
755 1822 837 1877 tuam
859 1809 1007 1890 recurrit,
1037 1808 1118 1905 qnod
1146 1808 1275 1878 iuferius

413 1939 563 2035 sequitur,
586 1953 618 2009 ut
637 1939 676 2010 de
702 1939 891 2010 liberalitatis
909 1953 970 2010 tnae
987 1938 1147 2011 beneficiis
1168 1952 1276 2009 nostra

413 2069 523 2141 lamilia
541 2072 731 2166 gratuletur:

478 2274 557 2320 Parva
574 2271 636 2320 mitri
649 2273 787 2322 commissa
800 2272 894 2322 domus
904 2249 977 2323 caret
986 2273 1025 2322 tris
1038 2272 1189 2334 elementis3

478 2373 521 2420 list
529 2371 642 2421 humana
652 2372 750 2435 quibus
760 2378 854 2422 natura
864 2373 955 2424 truens
964 2372 1108 2424 elementis.

478 2471 609 2534 Frugibus
619 2471 645 2521 iu
660 2475 758 2523 terram
769 2487 817 2536 pro
830 2473 1021 2525 cousuetudine
1030 2473 1119 2536 Jaotis.

478 2570 571 2621 Deficit
582 2570 649 2620 aima
663 2575 738 2623 Ceres
750 2573 778 2648 et·
787 2573 870 2635 pressi
879 2573 952 2636 copia
965 2573 1056 2634 iaetis;

478 2673 529 2721 Nec
537 2684 599 2721 earo
611 2685 658 2722 nee
667 2672 746 2734 piscis
758 2673 901 2736 apponitur
913 2674 983 2724 intus
995 2673 1092 2730 edenti,

478 2769 525 2819 sed
534 2774 612 2832 potus
621 2771 711 2822 caliois
721 2773 762 2822 est
773 2771 831 2822 solo
843 2785 910 2835 pane
922 2771 1040 2824 bibenti:
1183 2789 1197 2822 ο

480 2867 519 2918 sio
531 2867 663 2918 destructa
677 2851 827 2919 mitrarum
841 2871 973 2932 possessio
985 2883 1107 2932 quaeque,

479 2969 576 3016 iturum
587 2979 722 3029 possessor
732 2980 773 3017 res
784 2971 813 3017 ut
823 2980 874 3016 nou
885 2973 1021 3033 spargeret
1030 2982 1113 3030 autre.

479 3068 547 3128 Ergo
558 3065 631 3114 decet
643 3067 729 3128 sapias
738 3066 807 3128 quod
821 3067 901 3116 sentit
913 3067 989 3129 inops
1002 3072 1027 3116 et
1039 3081 1147 3130 egenus.

480 3168 512 3214 Ut
521 3136 569 3214 nos
582 3165 705 3228 respicias
718 3166 824 3228 pietatis
835 3179 943 3216 munere
954 3167 1056 3229 plenus.

480 3266 535 3312 iiuc
546 3275 648 3325 appone
661 3276 778 3325 manum,
792 3268 866 3326 pater
876 3263 1048 3326 incipiatur
1059 3265 1218 3324 annuarum,

482 3363 571 3425 Sisque
581 3374 627 3424 per
638 3361 769 3412 Albanum
782 3376 870 3411 rerum
884 3363 1012 3413 solidator
1022 3377 1121 3416 earum.

405 3439 409 3449 ¹
480 3461 626 3526 magnificis
637 3462 724 3512 oiarus
736 3462 822 3512 titulis
834 3463 908 3526 prior
919 3467 960 3514 est
974 3464 1127 3520 ademarus,

480 3565 616 3626 ingenuus
629 3567 717 3626 natus,
730 3563 859 3614 virtutum
871 3563 931 3614 dote
944 3563 1045 3622 beatos,

425 3660 428 3668 “
480 3663 577 3712 iihetor
585 3661 680 3720 civilis,
691 3674 794 3712 morum
803 3663 934 3726 gravitate
945 3662 1045 3725 senilis,

480 3761 546 3810 Vitae
557 3759 640 3809 torma
650 3759 736 3820 bonas,
749 3763 878 3819 praestans
891 3761 917 3809 in
928 3760 1069 3826 reiigione,

479 3858 571 3909 ttititat
581 3857 697 3908 aetheriis
707 3857 828 3908 sublimis
841 3859 867 3908 in
880 3859 944 3910 orbe
957 3853 1077 3922 tropaeis,

478 3961 509 4006 Et
520 3957 572 4006 dun
585 3959 611 4006 iu
624 3959 717 4008 eastris
730 3958 832 4008 luorum
845 3961 934 4024 gregis
947 3960 1040 4010 inserit
1051 3961 1140 4018 astris,
