3050 5040
334 743 337 748 .
424 679 469 746 20
647 705 783 750 russone
796 706 911 751 1111111111
926 707 1058 752 cosmon,

423 859 480 929 bus
503 860 747 932 collactaveram.
801 862 1022 960 Amplectebar
1038 891 1149 936 cunas.
1169 866 1283 936 altricis

422 992 520 1062 forma
537 991 652 1064 sedens
667 994 697 1063 in
716 994 918 1091 sterquillinio
938 1010 970 1066 et
988 995 1102 1066 intimis
1120 1023 1159 1067 ex
1178 998 1283 1068 visce-

422 1123 507 1193 ribus
542 1124 588 1194 lac
622 1124 802 1209 extrahens
838 1126 973 1221 vagienti
1000 1127 1093 1198 soetui
1126 1128 1282 1200 sufficiens

422 1255 601 1352 praehebam
615 1257 770 1354 pabulum.
825 1259 919 1342 Vere,
939 1259 1075 1357 inquam,
1095 1286 1183 1332 meos
1195 1261 1281 1332 cibos

421 1388 452 1457 in
476 1414 614 1474 carnem,
636 1416 738 1460 meam
758 1416 884 1462 carnem
906 1391 936 1462 in
962 1393 1156 1487 sanguinem,
1177 1419 1281 1464 meum

422 1521 603 1615 sanguinem
637 1524 858 1594 convertebam
894 1525 925 1594 in
956 1550 1076 1607 escam,
1115 1526 1211 1608 meis,
1248 1541 1281 1596 ut

421 1653 493 1736 dixi,
516 1679 555 1724 ex
572 1654 743 1726 visceribus
761 1657 840 1727 meis
859 1658 1060 1756 conceptibus
1077 1658 1279 1730 sufficientem

421 1785 594 1856 alimoniam
616 1811 805 1884 praeparans.
860 1787 951 1859 Unde
971 1796 1165 1886 conquerar?
1215 1793 1281 1860 lm-

422 1917 574 2014 precabor
590 1917 714 1987 ventis?
769 1919 812 1989 At
830 1943 889 2015 ego
906 1919 1087 2018 imprudens
1103 1948 1230 2018 parvam
1248 1935 1281 1992 et

422 2060 565 2119 onustam
583 2075 695 2119 navem
713 2049 883 2149 inexpertis
897 2053 1036 2123 commisi
1052 2052 1184 2125 [latibus.
1206 2053 1281 2124 Dis-

422 2179 578 2252 cernenda
589 2180 768 2277 temperieS,
781 2195 812 2252 et
821 2182 948 2254 nubium
956 2183 1159 2254 inconstantia
1168 2210 1281 2282 perno-

422 2312 513 2384 tunda
531 2313 621 2383 soret.
664 2312 737 2384 Dira
754 2314 991 2410 navigatused
1005 2340 1041 2386 ea
1060 2317 1158 2412 magis
1171 2317 1218 2387 cui
1235 2317 1280 2387 in-

422 2444 579 2515 consultus
589 2442 736 2541 praesidet
744 2444 944 2539 gubernator.
982 2449 1083 2516 Homo
1094 2447 1276 2518 inconsulte.

423 2601 518 2673 quare
540 2576 775 2673 peregrinarum
795 2577 951 2650 nationum
973 2603 1100 2649 accusas
1120 2579 1277 2675 pericula?

472 2707 575 2790 Quare
602 2705 706 2776 mundi
733 2705 944 2804 condempnas
967 2707 1131 2792 elementa,
1158 2723 1191 2778 et
1217 2735 1278 2778 uon

422 2838 524 2936 potius
538 2850 621 2908 tuam
632 2836 794 2933 redarguis
805 2839 1036 2926 conscientiam,
1051 2839 1103 2937 qui
1117 2839 1279 2911 thesauros

423 2996 502 3067 quos
524 2982 607 3040 tanta
629 2967 829 3041 amaritudine
849 2968 959 3055 desses,
983 2972 1061 3043 virili
1082 2973 1199 3044 cautela
1217 2999 1278 3043 non

423 3101 636 3174 conservasti?
661 3099 819 3174 Exhortus
836 3117 884 3172 est
897 3104 942 3174 sol
957 3103 987 3174 in
1004 3105 1202 3176 conscientiae
1219 3120 1279 3178 tuat

423 3235 571 3320 latibulis,
601 3248 632 3305 et
659 3261 736 3332 quas
758 3236 896 3307 exterius
924 3238 1110 3322 somniabas,
1140 3239 1222 3309 intus
1249 3239 1279 3308 in

423 3369 523 3441 anima
548 3381 599 3439 tua
626 3381 746 3441 tuarum
771 3370 997 3468 lachrymarum
1023 3372 1156 3470 abyssus
1184 3397 1280 3468 repe-

423 3501 499 3571 risti.
557 3501 683 3572 Abeant
708 3527 813 3572 rerum
834 3502 1028 3574 extrinsecus
1046 3503 1275 3574 accusationes:

424 3632 505 3702 nulla
524 3632 632 3716 maris,
654 3632 734 3702 nulla
752 3633 864 3731 Scyllae
881 3633 930 3703 vel
945 3611 1107 3704 Charibdis
1123 3634 1278 3705 condem—

424 3763 596 3834 natiomibi.
641 3763 1278 3846 desubune,tuacommendaverassacra-

424 3908 543 3978 menta3
559 3894 630 3965 mihi
647 3908 697 3965 tua
711 3895 1047 3982 revelaverasarcana;
1068 3897 1156 3967 vivus
1174 3898 1280 3968 latices
