3038 5036
477 739 589 784 osannr
606 739 641 784 nn
659 739 749 782 canna
767 737 914 782 nrrsronn
1056 713 1124 780 ⁴85

266 893 366 964 nionis
386 894 527 966 illustret.
581 895 683 966 Gloria
702 895 732 964 in
750 895 882 966 excelsis
895 897 962 965 Deo
980 893 1029 991 qui
1048 892 1126 964 hanc

266 1040 1122 1140 tibicontulitsnaineffabilicharitate.paterorthodoxe.

266 1172 478 1257 victoriam,ut
488 1201 545 1273 per
557 1191 587 1246 te
599 1177 715 1248 laceret
726 1201 893 1272 pravorum
903 1199 1050 1246 corruere
1059 1200 1125 1244 nru-

267 1306 384 1404 nicipia,
404 1309 455 1407 qui
472 1335 511 1380 ex
527 1309 740 1381 destructione
759 1308 881 1404 gloriari
899 1319 1126 1378 consueverant

265 1429 371 1509 aliena.
426 1443 530 1513 Mutos
539 1442 776 1539 circumquaque
787 1440 995 1538 conspicimus
1005 1437 1127 1536 pedites

211 1637 215 1650 ,
265 1569 422 1652 incedere,
443 1572 494 1668 qui
512 1571 552 1642 de
570 1597 721 1670 equorum
741 1572 862 1643 luerant
879 1569 1023 1667 superbia
1047 1593 1126 1640 cur-

266 1729 372 1774 sorum
402 1718 434 1774 et
462 1705 584 1776 feritate
607 1717 836 1782 tumescentes,
872 1717 904 1774 et
936 1727 1015 1798 quos
1040 1727 1124 1771 anna

265 1833 489 1906 decoraverunt
506 1861 650 1934 persaepe
667 1835 812 1913 victricia,
832 1861 915 1908 nnnc
934 1833 1027 1905 innixi
1049 1832 1126 1929 palis

265 1945 477 2038 sustentantur
493 1982 545 2041 aut
558 1969 685 2052 baculis
702 1969 898 2065 ostiatimque
917 1966 1125 2038 mendicante

265 2099 453 2196 pauperibus
470 2100 562 2171 etiam
579 2099 686 2170 villicis
709 2100 822 2197 stipem
839 2099 958 2171 diurnae
976 2097 1126 2168 relectio-

265 2230 324 2300 nis
376 2231 538 2329 Ampullas
564 2245 596 2302 et
619 2233 715 2303 verba
734 2259 796 2303 non
813 2233 976 2330 projiciunt
998 2229 1126 2328 sesqui-

265 2359 394 2457 pedalia,
410 2361 468 2434 sed
485 2363 579 2433 modo
592 2365 679 2460 cujus
693 2364 883 2461 respuebant
899 2388 1013 2434 nomen
1027 2371 1126 2432 attenss

265 2492 353 2575 dere,
368 2493 479 2564 timore
492 2495 588 2566 coacti
602 2521 796 2593 nequaquam
809 2495 954 2566 videntur
966 2495 1121 2588 ignorare.

265 2625 385 2696 Arvurn
400 2628 522 2724 antiqua
535 2627 688 2700 delitescit
702 2629 820 2726 injuria,
834 2628 906 2700 dum
920 2627 960 2698 de
973 2626 1126 2725 pharetris

265 2755 385 2850 sagittar
402 2783 464 2828 non
483 2772 610 2842 exeunt,
626 2785 697 2857 quae
711 2777 833 2854 strages
850 2760 879 2830 in
897 2759 1010 2856 populo
1023 2759 1124 2829 lacere

264 2901 463 2960 consuerunt.
517 2891 722 2986 lntelligirnus
740 2917 817 2988 ergo
837 2893 918 2990 quia,
939 2891 1123 2990 propitiante

265 3019 343 3101 Deo,
367 3018 447 3090 hanc
464 3033 494 3089 te
518 3022 697 3118 sapientiam
720 3038 753 3097 ut
777 3051 836 3123 pax
859 3024 888 3094 in
912 3047 1010 3118 regno
1033 3021 1125 3094 lieret

264 3152 392 3246 angelus
405 3153 453 3224 ille
467 3153 600 3240 edocuit,
616 3157 667 3254 qui
683 3157 714 3228 in
731 3171 822 3229 nocte
840 3156 1002 3234 nativitatis
1014 3155 1123 3225 Domi-

264 3283 342 3354 nicae
359 3309 429 3356 curn
446 3286 638 3358 multitudine
658 3290 796 3361 coelestis
811 3289 925 3361 militiae
938 3313 1048 3386 pacem
1060 3286 1124 3358 ho—

265 3413 398 3488 minibus
414 3418 505 3489 bonae
521 3419 686 3491 voluntatis
709 3421 865 3492 nuntiavit.
918 3420 1009 3503 Quod
1027 3422 1124 3490 Roma

265 3545 339 3618 dum
356 3550 495 3621 accendit
512 3564 714 3645 angmentum
732 3552 784 3620 tihi
805 3552 981 3649 apostolicae
998 3551 1125 3646 legatio-

266 3677 313 3748 nis
333 3680 481 3764 attribuit,
502 3695 536 3752 at
554 3707 611 3780 per
629 3682 860 3754 Eboracensem
882 3683 1071 3780 provinciam
1093 3696 1125 3751 et

265 3811 378 3882 Scotiae
397 3837 528 3907 regnum
547 3797 642 3886 tentia
659 3817 850 3914 paternitatis
862 3829 1008 3888 exerceat
1020 3815 1124 3911 impe-

265 3942 344 4013 rium
371 3956 402 4014 et
431 3945 546 4017 insulas
570 3947 706 4046 adusque
733 3963 873 4048 penetrat
898 3951 1119 4024 Orchadarnnt.

960 4084 991 4132 nt
