3050 5040
437 709 482 778 52
646 726 929 772 rnsronnnrnaann
944 727 1076 772 aosrnca.

431 887 557 986 jubetis
574 887 647 956 Jesu
664 885 761 956 nostri
775 885 945 955 Salvatoris
956 884 1108 956 continuis
1125 881 1292 980 lachrymis

435 1021 564 1119 imploro
595 1017 835 1088 misericordiam
863 1030 897 1087 ut
919 1017 1063 1113 jubeatis.
1123 1013 1289 1112 Cuiusdam

434 1153 536 1224 fratris
555 1150 651 1221 nostri
668 1149 803 1245 rogaturi
822 1148 1063 1220 misericordiam
1082 1159 1216 1218 vestram
1232 1173 1290 1243 pro

435 1311 491 1356 suo
518 1283 611 1354 tratre
635 1281 840 1363 incarcerato,
870 1280 1014 1364 obsecro,
1040 1280 1141 1351 audite
1171 1278 1289 1377 depre-

434 1416 586 1488 cationem
608 1438 645 1483 ea
667 1411 881 1509 compassione
905 1437 964 1508 qua
990 1425 1111 1482 vestras
1134 1411 1289 1482 orationes

435 1544 570 1618 exaudiri
587 1541 770 1614 desideratis
787 1567 804 1610 a
822 1543 899 1610 Deo.

433 1795 633 1870 EPISTOLA
643 1793 1285 1864 XXVll.-dnGonwrnauarWunarucn.

581 1998 747 2064 Hanoanrus
763 1994 904 2064 Gonwrno
920 2019 953 2063 ar
970 1995 1139 2066 Wunrruo.

484 2197 603 2267 Habete
621 2193 873 2278 consolationem,
896 2207 927 2265 et
946 2220 1070 2267 ornnem
1088 2195 1127 2264 de
1144 2193 1289 2264 cordibus

435 2327 547 2400 vestris
573 2324 689 2396 erudite
712 2351 874 2396 rancorem
897 2339 929 2396 et
950 2326 1136 2398 moestitiam.
1189 2327 1289 2395 Sanus

434 2473 483 2530 est
495 2471 584 2557 pater
594 2469 700 2528 vester
717 2468 749 2526 et
761 2455 931 2541 incolumis
948 2469 1040 2554 atque
1058 2457 1103 2527 sui
1118 2457 1180 2528 voti
1196 2483 1288 2528 oom-

433 2619 492 2691 pos
512 2591 540 2661 in
558 2589 711 2660 omnibus.
764 2587 909 2659 Mandavi
928 2587 955 2658 ei
973 2602 1007 2658 ut
1023 2589 1145 2659 veniret
1168 2587 1206 2660 ad
1222 2614 1284 2670 me,

434 2738 466 2796 et
479 2727 547 2808 W„
567 2736 600 2794 ut
616 2722 753 2792 mitteret
769 2747 851 2805 eum,
870 2721 985 2792 vestris
1003 2720 1107 2792 timide
1121 2721 1288 2817 obtempe-

434 2881 507 2927 rans
533 2853 781 2950 allegationibus3
809 2852 876 2937 sed,
907 2853 1087 2924 confirmata
1109 2877 1184 2950 pace
1208 2853 1289 2923 inter

349 3067 350 3071 Ἰ
434 3012 500 3071 eos
526 2983 686 3082 respondit
708 2981 780 3052 mihi
801 2993 889 3080 pater
910 2997 1017 3054 vester
1036 2983 1106 3080 quia
1127 2983 1186 3054 hoc
1206 2996 1289 3054 tem-

434 3143 510 3215 pore
535 3116 631 3187 nollet
654 3113 756 3184 redire
779 3113 917 3198 domurn,
944 3140 982 3186 ne
1001 3115 1052 3185 vel
1070 3116 1137 3213 ipse
1158 3115 1289 3186 levitatis

434 3262 593 3319 notaretur
614 3248 832 3331 inconstantia,
854 3247 904 3318 vel
930 3274 985 3319 suo
1008 3249 1093 3318 fratri
1113 3248 1287 3320 scandalum

433 3383 483 3452 vel
514 3381 658 3452 invidiam
693 3381 837 3477 genuisse
871 3381 1166 3479 reprehenderetur.
1226 3381 1287 3450 Sua

433 3512 525 3608 igitur
543 3512 699 3582 voluntate
720 3512 789 3582 illuc
807 3512 860 3582 ivit
883 3526 915 3582 et
940 3539 993 3582 sua
1012 3512 1229 3610 deprecatione
1249 3511 1287 3581 ibi

434 3655 548 3726 rnanet,
570 3641 721 3713 nullorum
737 3643 890 3739 indignus,
908 3643 964 3713 sed
983 3643 1172 3713 sufficienter
1184 3642 1291 3739 quoti—

433 3771 530 3843 dianis
546 3759 706 3842 abundans
723 3772 916 3843 necessariis.
971 3772 1028 3843 Hic
1045 3772 1113 3843 linis
1131 3786 1162 3842 et
1178 3797 1293 3844 nroero-

433 3905 475 3978 ris
492 3902 588 3976 vestri
606 3914 638 3973 et
656 3903 808 3974 serrnouis
826 3905 932 3974 nostri.
