3038 5036
409 709 473 776 196
609 732 721 778 osannrr
738 733 773 778 nn
790 733 880 778 cnam
898 733 1044 780 rrrsrcnn.

403 915 491 988 pore,
507 915 638 960 crevere
652 890 772 960 ventris
785 917 891 962 onera.
932 894 1035 976 Quum
1049 892 1117 962 dies
1130 889 1263 961 accessit

403 1035 492 1119 partu
517 1021 621 1092 Silviae
647 1022 806 1118 insignita,
835 1024 978 1118 geminos
1004 1025 1093 1094 enixa
1115 1022 1263 1121 parvulos

403 1151 537 1250 peperit,
553 1150 671 1249 haeque
685 1153 876 1249 parturiente
890 1181 941 1226 ara
955 1155 1011 1225 Dei
1030 1155 1163 1236 tremuit,
1180 1154 1264 1259 ejus-

404 1306 466 1379 que
483 1281 681 1353 simulacrum
694 1283 844 1378 virgineis
861 1284 958 1355 oculis
977 1311 1087 1355 manus
1106 1310 1178 1354 suas
1198 1309 1263 1378 op-

404 1414 499 1512 ponit.
553 1412 721 1484 Exhorruit
740 1415 823 1486 enim
842 1416 880 1486 ad
899 1415 1058 1512 llagitium,
1079 1429 1111 1486 et
1124 1413 1265 1510 devirgi-

403 1559 484 1618 natae
508 1545 636 1642 virginis
657 1545 842 1642 dedignatur
863 1548 901 1618 ad
925 1561 1057 1645 partum.
1112 1547 1161 1617 Ad
1189 1560 1263 1616 tan-

406 1693 470 1752 tum
496 1704 619 1778 quoque
646 1680 799 1751 incestum
823 1681 904 1776 ignis
930 1681 978 1752 ille
1005 1683 1167 1753 continuus
1189 1706 1263 1752 suos

406 1813 497 1884 subiit
511 1813 645 1896 cineres
664 1837 723 1883 nec
734 1812 875 1883 llammas
888 1814 1016 1886 ulterius
1030 1815 1132 1885 emisit
1145 1814 1265 1885 scintil-

407 1946 517 2016 lantes.
570 1944 713 2016 Amulius
730 1945 844 2042 itaque,
865 1946 916 2042 qui
933 1947 1086 2017 Numitori
1104 1947 1189 2017 fratri
1206 1973 1263 2016 suo

406 2104 537 2174 regnum
561 2076 744 2160 abstulerat,
771 2103 865 2174 quum
892 2077 992 2149 editos
1021 2104 1060 2149 ex
1089 2093 1183 2177 nepte
1209 2105 1264 2150 sua

406 2214 538 2282 Remum
562 2224 594 2280 et
615 2208 778 2280 Romulum
801 2211 1018 2308 comperisset,
1042 2211 1166 2282 mandat
1186 2211 1264 2282 Fla-

405 2343 538 2414 minibus
554 2340 687 2412 inlantes
703 2339 907 2436 demergere,
928 2341 1011 2438 quod
1034 2342 1139 2439 utique
1160 2342 1262 2412 scelus

404 2473 504 2547 undas
524 2473 656 2569 legimus
680 2472 844 2567 refugisse.
896 2473 1113 2545 Destituuntur
1137 2473 1208 2544 nudi
1234 2475 1264 2544 in

404 2607 498 2678 humo
523 2607 602 2678 sicca
622 2604 720 2702 pueri,
739 2603 914 2702 ibidemque
936 2629 993 2674 cos
1017 2603 1086 2702 lupa
1108 2605 1187 2676 lacte
1205 2633 1261 2676 suo

406 2740 479 2812 aluit
495 2753 527 2810 et
546 2739 631 2836 picus
649 2738 715 2808 avis
734 2738 841 2808 martia
859 2738 945 2808 cibos
961 2737 1155 2808 ministravit.

406 3043 558 3111 EXPOSlTIO
580 3064 697 3109 vtstonrs
718 3063 804 3109 Juxra
828 3062 1084 3107 cousmnnnrronnu
1109 3063 1260 3107 vnmrnrrs.

456 3272 520 3343 Sed
541 3272 579 3342 ad
600 3271 759 3342 historiam
782 3273 893 3342 iterum
911 3270 1088 3353 redeamus
1113 3285 1145 3341 et
1164 3270 1203 3340 ad
1221 3271 1265 3340 rei

408 3403 570 3475 veritatem
582 3403 646 3499 jam
659 3415 819 3472 vertamus
837 3402 983 3486 animum,
998 3414 1032 3472 ut
1043 3401 1177 3472 colorata
1190 3427 1266 3472 eva-

408 3549 538 3610 cuentur
560 3535 717 3606 mendacia
742 3548 913 3632 poetarum.
967 3535 1001 3604 ln
1022 3534 1138 3631 templo
1161 3535 1266 3604 Vestae

410 3683 498 3741 erant
518 3668 655 3764 virgines
677 3669 744 3764 ejus
764 3666 921 3763 obsequiis
940 3665 1148 3750 adhaerenteS,
1169 3679 1202 3736 ut
1218 3666 1267 3736 tali

408 3804 562 3874 discamus
585 3799 728 3897 exemplo
746 3799 903 3894 colligere,
923 3797 1005 3896 quod
1025 3797 1156 3893 gentiles
1176 3799 1266 3868 etiam

405 3935 639 4007 delectabantur
663 3932 735 4004 vitae
761 3931 905 4003 munditia
926 3946 957 4002 et
979 3932 1128 4002 castitate,
1187 3932 1266 4016 Quia
