3012 5040
428 717 540 763 osaunrr
557 718 592 764 nn
610 719 701 764 cmm
718 718 866 763 nrrsroun.
888 740 890 744 -
1008 691 1077 762 tte

218 875 355 945 ebibere.
412 875 501 946 Unde
519 875 665 947 fratribus
685 877 800 946 nostris
818 875 903 946 dedit
921 878 1006 947 Deus
1023 899 1081 972 per

219 1033 281 1093 me,
302 1009 392 1080 bonis
409 1009 494 1107 prius
512 1010 651 1095 sublatis,
665 1010 763 1081 libere
780 1009 1007 1080 communicare
1025 1007 1082 1080 hac

220 1139 259 1210 de
277 1166 368 1212 causa
381 1140 547 1239 quemdam
561 1142 742 1225 Hebraeum,
763 1141 864 1212 dirum
881 1139 1080 1224 creditorem,

221 1285 251 1340 et
263 1272 423 1344 crudelem
434 1273 512 1344 ultra
525 1272 652 1344 modum
667 1273 765 1370 patior
776 1287 964 1343 exactorem.
993 1274 1084 1342 Nunc

220 1403 332 1500 itaque,
353 1404 421 1502 quia
436 1403 570 1475 secunda
588 1403 659 1474 mihi
678 1404 780 1476 tabula
795 1417 866 1502 post
881 1403 940 1474 hoo
958 1403 1083 1475 naulra-

220 1537 303 1631 gium
327 1552 398 1608 sunt
419 1537 569 1608 beneficia
594 1551 625 1608 et
646 1538 874 1609 consolationes
895 1537 1078 1620 amicorum,

219 1693 331 1765 precor
354 1667 431 1738 sicut
454 1667 563 1752 audeo,
583 1683 615 1738 et
630 1683 743 1766 quanta
768 1669 934 1740 devotione
953 1694 1082 1766 possum

220 1799 360 1896 imploro,
384 1799 468 1870 utin
490 1813 574 1870 tanta
597 1799 762 1871 alllictione
785 1799 858 1870 mihi
883 1811 932 1870 tua
953 1798 1082 1895 gratiam

219 1930 433 2001 subministret
453 1929 600 2015 dextera,
623 1943 655 2001 et
677 1957 747 2029 quae
764 1932 879 2002 bonum
902 1958 980 2029 opus
1002 1931 1083 2002 solet

220 2075 375 2147 avertere,
391 2063 496 2162 procul
511 2064 550 2135 ab
563 2063 620 2134 hac
637 2063 814 2160 dignatione
829 2076 971 2135 arceatur
987 2063 1083 2135 sinis-

219 2211 277 2267 tra.
327 2199 503 2281 Memento,
536 2211 641 2296 pater,
673 2197 747 2294 quid
772 2198 883 2268 beatus
911 2198 1083 2294 Gregorius

220 2327 335 2424 egerit,
358 2327 480 2426 quando
497 2328 527 2399 in
546 2328 649 2426 specie
671 2328 810 2423 naufragi
828 2328 969 2424 Angelus
986 2329 1025 2400 ab
1044 2354 1082 2399 eo

220 2458 368 2530 beneficia
394 2459 576 2558 postulavit,
604 2471 636 2529 et
660 2458 841 2528 memoriter
864 2459 993 2543 retines,
1023 2484 1081 2530 nec

219 2592 378 2664 memoriae
404 2592 554 2676 excessit,
579 2590 661 2689 quod
687 2590 895 2689 Eleemosyna
920 2591 951 2662 in
976 2592 1080 2690 specie

218 2724 358 2821 virginali
386 2723 507 2795 cuidam
528 2747 682 2821 apparens
702 2722 743 2792 ait
770 2750 776 2791 :
801 2723 870 2818 Ego
892 2749 960 2794 sum
983 2723 1080 2821 prima

219 2858 349 2929 filiarum
361 2857 455 2953 regis.
494 2856 549 2926 His
563 2855 649 2954 plura
663 2853 779 2925 addere
794 2854 997 2952 supersedeo,
1010 2856 1078 2953 quia

219 3017 235 3060 a
253 2989 385 3060 Domino
402 3002 434 3060 et
450 2987 548 3058 amico
567 3013 662 3085 parva
684 2998 716 3056 et
736 3011 798 3055 non
820 3012 930 3082 magna
952 3013 1081 3058 munera

219 3121 353 3220 require.
406 3119 528 3192 Gratias
541 3131 644 3189 autem
661 3120 730 3188 Deo
747 3117 829 3216 quod
846 3118 953 3216 plures
965 3119 1080 3190 amicos

218 3253 330 3338 habeo,
350 3252 400 3350 qui
417 3277 467 3324 me
485 3251 643 3350 pluraliter
659 3250 689 3321 in
705 3250 765 3322 hoc
785 3252 1004 3324 sustentabunt
1017 3276 1077 3323 ne-

219 3386 303 3482 gotio
320 3400 352 3457 et
376 3412 431 3458 suo
451 3386 603 3483 juvabunt
623 3384 791 3469 benefici03
819 3384 951 3477 humana
976 3399 1079 3457 autem

218 3519 404 3592 verecundia
423 3519 519 3590 votuit
541 3518 622 3616 quod
646 3517 699 3588 tibi
722 3542 779 3614 per
800 3543 836 3588 os
863 3543 967 3589 meum
989 3543 1080 3589 causa

218 3676 411 3750 nequaquam
435 3651 490 3721 ista
517 3649 657 3720 innotuit.
718 3651 779 3719 Fac
805 3673 881 3744 ergo
910 3649 1079 3721 secundum

217 3782 298 3854 vclle
320 3797 351 3853 et
373 3809 467 3881 posse
490 3793 587 3867 t'uum,
615 3783 672 3866 lac,
697 3795 786 3878 puter
809 3780 998 3865 dulcissime,
1023 3808 1081 3880 por

217 3914 357 3986 nuntium
373 3929 458 3986 tuum
472 3914 534 3986 filio
551 3928 603 3985 tuo
621 3912 703 4010 quod
720 3913 835 4010 loseph
850 3913 932 3998 lecit,
949 3939 1006 4011 per
1019 3914 1080 3983 mi-
