3012 5040
425 704 469 774 62
624 727 761 772 nnsronu
774 726 908 772 urrunnu
921 727 1054 774 nostros.

422 911 511 956 suum
525 885 708 956 cantilenam
721 899 950 957 convertamur.
988 887 1082 955 XXX
1099 897 1131 955 et
1148 912 1204 955 sex
1221 885 1286 954 mi-

422 1015 488 1086 sisti
504 1014 575 1086 mihi
595 1041 717 1100 versus,
738 1017 859 1088 incaute
877 1017 1072 1115 prospiciens
1089 1015 1172 1114 quod
1187 1017 1285 1085 XXX

424 1145 1285 1244 voluptatemcarnisetsenariusnumerushujusmuudi

424 1278 716 1384 significatlabores
759 1283 804 1350 Tu
815 1279 897 1350 enirn
906 1280 957 1378 qui
967 1281 1110 1352 omnibus
1120 1278 1284 1350 mundanis

423 1396 643 1480 abrenuntiasti
657 1424 686 1482 et
697 1409 852 1481 Christum
866 1425 991 1483 secutus
1002 1437 1055 1495 eS,
1071 1410 1218 1508 ipsistuis
1227 1408 1285 1478 bu-

425 1543 520 1612 meris
538 1541 691 1612 debueras
705 1541 884 1626 ostendere,
900 1543 998 1614 solitae
1012 1542 1165 1640 pudicitiae
1180 1542 1285 1612 inser—

423 1674 505 1757 vire;
531 1702 547 1744 a
577 1675 789 1773 temporalium
811 1689 932 1746 actuum
961 1675 1119 1746 laboribus
1144 1674 1280 1745 alienari.

424 1807 561 1878 Peooasti
581 1833 728 1893 numero,
754 1807 874 1878 numeri
903 1807 1136 1904 significantiam
1158 1806 1284 1877 minime

427 1939 613 2034 intelligens.
665 1940 768 2011 Primo
786 1967 880 2012 versu
899 1941 980 2014 fatue
999 1941 1122 2038 incipis,
1145 1940 1212 2038 ipso
1231 1953 1284 2010 tuo

427 2070 554 2142 exordio
567 2071 750 2169 insipienter
768 2073 1014 2171 reprebendens
1034 2065 1121 2170 eujus
1140 2073 1284 2143 benevo-

426 2202 551 2274 lentiam
568 2218 692 2302 oaptare
714 2204 888 2276 debuisses.
941 2209 1019 2277 Item
1037 2205 1117 2276 aliud
1129 2205 1235 2276 vitium
1253 2205 1288 2282 in,

427 2333 538 2404 eodem
555 2359 651 2406 versu
680 2362 686 2403 :
714 2333 862 2405 Admiror
885 2335 974 2432 ponis
994 2336 1025 2406 in
1047 2335 1178 2420 malum,
1201 2336 1284 2434 quod

425 2466 482 2537 nisi
504 2466 533 2538 in
556 2467 672 2538 bonum
698 2467 793 2566 nooipi
814 2468 903 2538 solet.
972 2468 1114 2540 Lacessis
1140 2468 1284 2540 intortio

425 2625 536 2686 versu,
563 2601 727 2671 salsitatem
749 2627 871 2699 ponens
898 2603 1067 2699 patrocinio
1091 2603 1204 2701 ineptae
1230 2627 1286 2671 re-

426 2733 515 2829 gulae.
551 2735 629 2804 ltem
648 2733 678 2804 in
696 2735 777 2817 V110,
797 2734 998 2806 consimiliter
1007 2761 1130 2834 peccas.
1159 2737 1238 2805 ltem
1252 2733 1283 2803 in

426 2865 498 2948 lX⁰‚
518 2863 597 2935 male
614 2864 704 2962 ponis
721 2890 834 2936 moneo
850 2892 921 2937 oum
940 2893 989 2938 me
1001 2867 1159 2965 corripias.
1204 2868 1282 2935 ltem

348 3033 350 3037 ·
426 2997 457 3067 in
475 2999 531 3082 X⁰‚
552 2996 651 3095 turpia
669 2998 767 3069 verba
786 2999 866 3069 male
883 2999 1018 3097 ponitur,
1039 3025 1110 3070 eum
1126 2996 1281 3097 turpitudo

426 3128 520 3200 solvis
539 3130 604 3224 (sic)
624 3128 715 3200 animi
734 3129 782 3200 sit.
836 3132 914 3201 Item
936 3131 967 3201 in
985 3133 1055 3216 Xl⁰‚
1077 3145 1108 3202 te
1126 3157 1282 3228 nunquam

425 3259 532 3332 vocavi
545 3260 705 3356 juvenem,
725 3261 795 3358 quia
812 3260 911 3332 adbuc
925 3261 1127 3360 impuberes.
1156 3263 1234 3332 Item
1251 3260 1283 3330 in

426 3393 483 3462 lV⁰
500 3391 540 3462 de
559 3391 695 3488 vigincti,
716 3393 797 3464 bona
819 3393 945 3464 materia
963 3393 1120 3492 profertur
1132 3393 1172 3464 de
1190 3391 1295 3498 corde·

427 3525 519 3595 bono
573 3527 651 3596 Item
670 3525 701 3596 in
719 3525 871 3622 vigesimo
885 3524 1038 3613 seeundo,
1055 3552 1142 3596 musa
1157 3538 1207 3596 tua
1220 3524 1288 3594 sine

428 3683 522 3731 sensu
535 3672 593 3729 est.
614 3661 691 3729 Item
710 3659 741 3729 in
754 3658 914 3755 trigesimo
927 3658 1029 3744 tertio,
1043 3658 1184 3730 illiterate
1198 3657 1290 3756 ponis

428 3816 561 3888 namque¹
578 3803 649 3888 post
670 3789 747 3860 duas
764 3803 880 3888 portos,
934 3790 1110 3888 Rescripsi,
1133 3803 1165 3860 ut
1186 3788 1286 3874 vides,

428 3921 488 3993 tuis
512 3920 645 4017 scriptis
674 3947 877 4018 meorumque
897 3922 1066 3992 verborum
1082 3920 1153 3992 ludo
1170 3946 1219 3990 me
1241 3946 1291 3989 sn-
