3038 5036
457 731 568 776 ossam!
586 731 621 776 llll
640 731 732 776 ctttta
749 731 895 775 spissum.
1037 703 1105 775 llll

297 1026 499 1096 EPISTULA
521 1027 622 1096 XXll.
636 1070 684 1078 -
699 1027 745 1096 Au
760 1027 907 1098 locuuouu
921 1049 1054 1096 aulouuu.

250 1241 398 1321 jocondo,
417 1243 523 1338 priori
540 1244 572 1310 iu
588 1243 794 1338 eooiporutioo
811 1257 839 1311 at
859 1243 914 1338 qui
930 1245 1056 1338 primus
1076 1249 1109 1309 iu

298 1373 485 1470 superlativo
497 1373 620 1452 incedit,
635 1373 688 1442 illo
704 1375 759 1470 qui
775 1375 807 1442 iu
821 1374 951 1470 positivo
963 1371 1109 1469 proditur

301 1518 329 1572 et
343 1504 404 1600 suit
419 1518 446 1574 et
463 1531 523 1573 otuu
539 1517 591 1574 est.

301 1687 427 1757 Arridet
446 1687 498 1757 tibi
522 1687 622 1758 littera
642 1702 758 1771 nostra,
779 1693 865 1758 et'ut
887 1688 914 1756 ai
939 1688 1111 1758 clementer

251 1819 400 1902 arrideas
416 1820 759 1891 inclamat—inclamat
772 1835 804 1891 et
816 1821 996 1916 ingeminat,
1008 1835 1041 1891 ut
1051 1847 1110 1890 re-

251 1951 436 2022 memoraris
448 1951 560 2047 quibus
575 1951 726 2048 quosdam
740 1952 862 2022 lortuua
879 1951 1023 2022 sublimat
1040 1951 1112 2021 insi-

251 2083 375 2176 gnibus,
391 2097 423 2154 at
435 2083 557 2181 quantis
568 2081 697 2153 eosdem
714 2082 825 2153 iterum
842 2082 966 2152 lacessit
982 2081 1108 2178 injuriis.

255 2271 573 2284 ......
628 2204 728 2286 Hodie
752 2240 822 2302 sors
844 2213 971 2310 alicujus
996 2215 1112 2285 laman-

253 2347 344 2418 tanda
357 2347 507 2446 apparuit,
522 2349 609 2444 cujus
620 2347 687 2418 bari
698 2363 806 2418 cuncta
821 2347 953 2418 vidimus
965 2348 1109 2442 gratiosa.

254 2479 409 2550 Hodierna
428 2479 479 2550 lux
504 2480 617 2565 multus
638 2479 806 2551 circumdat
827 2478 1012 2575 indigentes
1033 2506 1114 2577 quu—

252 2639 320 2683 rum
333 2613 465 2683 crastina
478 2612 670 2710 propulsabit
686 2612 828 2709 inopiam.
884 2612 997 2710 Suripti
1010 2613 1111 2682 remi—

253 2746 373 2817 niscere
395 2775 400 2815 :

317 2900 381 2946 Nam
394 2902 438 2946 tua
451 2911 492 2947 ras
504 2898 606 2960 agitur,
617 2897 705 2958 pai-ies
716 2909 797 2958 quum
808 2898 943 2959 proximus
955 2895 1039 2944 ardut.

257 3071 513 3082 .....
566 3012 711 3110 lupatria
731 3027 848 3096 nostru,
868 3038 959 3109 quam
976 3037 1032 3109 pro
1050 3010 1114 3080 axi-

253 3149 293 3218 lio
311 3147 505 3230 mutavimus7
524 3147 656 3244 aliquam
674 3174 691 3218 a
710 3147 801 3217 vobis
821 3146 1014 3250 speravimus
1031 3169 1113 3214 cuu-

254 3280 450 3364 solatiouem;
474 3293 505 3350 et
528 3280 579 3377 qui
598 3278 636 3350 ad
661 3279 759 3377 pedes
782 3277 982 3377 philosophias
1010 3277 1113 3347 fueras

252 3412 413 3494 enutritus
441 3411 471 3481 in
496 3411 573 3481 illius
598 3411 755 3481 laboribus
782 3412 994 3491 obversatum,
1022 3409 1113 3502 ajus-

252 3543 385 3641 demque
405 3533 482 3614 lacta
501 3557 649 3640 potatum,
670 3543 728 3639 piis
749 3541 912 3612 debuisses
930 3539 1047 3610 auxiliis
1065 3567 1113 3608 ro-

251 3675 372 3746 lavassa
392 3689 423 3744 et
444 3675 562 3770 juvisse
589 3673 762 3769 sull'ragiis:
780 3672 849 3755 boo.
877 3673 1010 3768 inquam,
1036 3695 1113 3741 vora

251 3807 443 3903 sparavimus
473 3859 1108 3874 ...........
