<?xml version="1.0" encoding="UTF-8"?>
<!DOCTYPE html PUBLIC "-//W3C//DTD XHTML 1.0 Transitional//EN"
    "http://www.w3.org/TR/xhtml1/DTD/xhtml1-transitional.dtd">
<html xmlns="http://www.w3.org/1999/xhtml" xml:lang="en" lang="en">
 <head>
  <title>
</title>
<meta http-equiv="Content-Type" content="text/html;charset=utf-8" />
  <meta name='ocr-system' content='tesseract 3.04.00' />
  <meta name='ocr-capabilities' content='ocr_page ocr_carea ocr_par ocr_line ocrx_word'/>
</head>
<body>
  <div class='ocr_page' id='page_1' title='image "./epistolaeherber00ethegoog_0216.png"; bbox 0 0 3038 5036; ppageno 0'>
   <div class='ocr_carea' id='block_1_1' title="bbox 438 708 1087 776">
    <p class='ocr_par' dir='ltr' id='par_1_1' title="bbox 438 708 1087 776">
     <span class='ocr_line' id='line_1_1' title="bbox 438 708 1087 776; baseline 0.002 -3"><span class='ocrx_word' id='word_1_1' title='bbox 438 729 549 774; x_wconf 84' lang='lat' dir='ltr'>osannrr</span> <span class='ocrx_word' id='word_1_2' title='bbox 568 729 603 774; x_wconf 82' lang='lat' dir='ltr'>mr</span> <span class='ocrx_word' id='word_1_3' title='bbox 621 731 712 776; x_wconf 80' lang='lat' dir='ltr'>cmm</span> <span class='ocrx_word' id='word_1_4' title='bbox 729 730 877 776; x_wconf 80' lang='lat' dir='ltr'>ammona.</span> <span class='ocrx_word' id='word_1_5' title='bbox 1019 708 1087 775; x_wconf 79' lang='lat' dir='ltr'>l93</span> 
     </span>
    </p>
   </div>
   <div class='ocr_carea' id='block_1_2' title="bbox 229 883 1147 1512">
    <p class='ocr_par' dir='ltr' id='par_1_2' title="bbox 229 883 1147 1512">
     <span class='ocr_line' id='line_1_2' title="bbox 229 883 1090 981; baseline 0.007 -29"><span class='ocrx_word' id='word_1_6' title='bbox 229 883 412 955; x_wconf 80' lang='lat' dir='ltr'>sacrificium</span> <span class='ocrx_word' id='word_1_7' title='bbox 435 911 500 958; x_wconf 85' lang='lat' dir='ltr'>suae</span> <span class='ocrx_word' id='word_1_8' title='bbox 524 886 710 981; x_wconf 81' lang='lat' dir='ltr'>virginitatis</span> <span class='ocrx_word' id='word_1_9' title='bbox 726 887 872 958; x_wconf 88' lang='lat' dir='ltr'>llammeo</span> <span class='ocrx_word' id='word_1_10' title='bbox 891 888 991 958; x_wconf 88' lang='lat' dir='ltr'>velata</span> <span class='ocrx_word' id='word_1_11' title='bbox 1010 889 1090 958; x_wconf 88' lang='lat' dir='ltr'>insi—</span> 
     </span>
     <span class='ocr_line' id='line_1_3' title="bbox 229 1018 1147 1118; baseline 0.005 -32"><span class='ocrx_word' id='word_1_12' title='bbox 229 1018 326 1111; x_wconf 80' lang='lat' dir='ltr'>gnivit</span> <span class='ocrx_word' id='word_1_13' title='bbox 350 1020 434 1100; x_wconf 88' lang='lat' dir='ltr'>Deo;</span> <span class='ocrx_word' id='word_1_14' title='bbox 458 1018 510 1089; x_wconf 92' lang='lat' dir='ltr'>ubi</span> <span class='ocrx_word' id='word_1_15' title='bbox 537 1045 648 1114; x_wconf 79' lang='lat' dir='ltr'>magna</span> <span class='ocrx_word' id='word_1_16' title='bbox 673 1020 835 1117; x_wconf 85' lang='lat' dir='ltr'>praecessit</span> <span class='ocrx_word' id='word_1_17' title='bbox 858 1047 972 1117; x_wconf 79' lang='lat' dir='ltr'>pugna.</span> <span class='ocrx_word' id='word_1_18' title='bbox 993 1021 1091 1118; x_wconf 80' lang='lat' dir='ltr'>major</span> <span class='ocrx_word' id='word_1_19' title='bbox 1144 1021 1147 1025; x_wconf 75' lang='grc'><strong>’</strong></span> 
     </span>
     <span class='ocr_line' id='line_1_4' title="bbox 230 1148 1091 1249; baseline 0.006 -32"><span class='ocrx_word' id='word_1_20' title='bbox 230 1148 380 1218; x_wconf 87' lang='lat' dir='ltr'>successit</span> <span class='ocrx_word' id='word_1_21' title='bbox 397 1149 523 1220; x_wconf 91' lang='lat' dir='ltr'>victoria</span> <span class='ocrx_word' id='word_1_22' title='bbox 546 1151 704 1248; x_wconf 78' lang='lat' dir='ltr'>pugnanti.</span> <span class='ocrx_word' id='word_1_23' title='bbox 758 1151 849 1237; x_wconf 85' lang='lat' dir='ltr'>Quod</span> <span class='ocrx_word' id='word_1_24' title='bbox 871 1153 977 1249; x_wconf 88' lang='lat' dir='ltr'>utique</span> <span class='ocrx_word' id='word_1_25' title='bbox 995 1152 1091 1224; x_wconf 88' lang='lat' dir='ltr'>decus</span> 
     </span>
     <span class='ocr_line' id='line_1_5' title="bbox 229 1279 1090 1381; baseline 0.006 -32"><span class='ocrx_word' id='word_1_26' title='bbox 229 1279 383 1377; x_wconf 85' lang='lat' dir='ltr'>hodieque</span> <span class='ocrx_word' id='word_1_27' title='bbox 411 1280 442 1350; x_wconf 94' lang='lat' dir='ltr'>in</span> <span class='ocrx_word' id='word_1_28' title='bbox 470 1306 564 1352; x_wconf 89' lang='lat' dir='ltr'>carne</span> <span class='ocrx_word' id='word_1_29' title='bbox 594 1309 647 1354; x_wconf 92' lang='lat' dir='ltr'>sua</span> <span class='ocrx_word' id='word_1_30' title='bbox 672 1282 814 1354; x_wconf 87' lang='lat' dir='ltr'>Christus</span> <span class='ocrx_word' id='word_1_31' title='bbox 841 1283 993 1366; x_wconf 82' lang='lat' dir='ltr'>ostendit,</span> <span class='ocrx_word' id='word_1_32' title='bbox 1020 1309 1090 1381; x_wconf 85' lang='lat' dir='ltr'>quae</span> 
     </span>
     <span class='ocr_line' id='line_1_6' title="bbox 230 1411 1092 1512; baseline 0.006 -31"><span class='ocrx_word' id='word_1_33' title='bbox 230 1411 393 1483; x_wconf 84' lang='lat' dir='ltr'>dormienti</span> <span class='ocrx_word' id='word_1_34' title='bbox 410 1413 517 1484; x_wconf 91' lang='lat' dir='ltr'>similis</span> <span class='ocrx_word' id='word_1_35' title='bbox 529 1415 559 1484; x_wconf 94' lang='lat' dir='ltr'>in</span> <span class='ocrx_word' id='word_1_36' title='bbox 578 1416 721 1512; x_wconf 87' lang='lat' dir='ltr'>sepulcro</span> <span class='ocrx_word' id='word_1_37' title='bbox 740 1441 915 1486; x_wconf 87' lang='lat' dir='ltr'>marmoreo</span> <span class='ocrx_word' id='word_1_38' title='bbox 934 1430 996 1486; x_wconf 85' lang='lat' dir='ltr'>tola</span> <span class='ocrx_word' id='word_1_39' title='bbox 1014 1417 1092 1486; x_wconf 88' lang='lat' dir='ltr'>inte-</span> 
     </span>
    </p>
   </div>
   <div class='ocr_carea' id='block_1_3' title="bbox 230 1545 479 1642">
    <p class='ocr_par' dir='ltr' id='par_1_3' title="bbox 230 1545 479 1642">
     <span class='ocr_line' id='line_1_7' title="bbox 230 1545 479 1642; baseline 0.004 -29"><span class='ocrx_word' id='word_1_40' title='bbox 230 1571 285 1638; x_wconf 78' lang='lat' dir='ltr'>gra</span> <span class='ocrx_word' id='word_1_41' title='bbox 302 1545 479 1642; x_wconf 88' lang='lat' dir='ltr'>requiescit.</span> 
     </span>
    </p>
   </div>
   <div class='ocr_carea' id='block_1_4' title="bbox 229 1835 1093 1909">
    <p class='ocr_par' dir='ltr' id='par_1_4' title="bbox 229 1835 1093 1909">
     <span class='ocr_line' id='line_1_8' title="bbox 229 1835 1093 1909; baseline 0.008 -7"><span class='ocrx_word' id='word_1_42' title='bbox 229 1835 412 1904; x_wconf 77' lang='lat' dir='ltr'>RECORDATlO</span> <span class='ocrx_word' id='word_1_43' title='bbox 427 1860 628 1906; x_wconf 78' lang='lat' dir='ltr'>BENEFlGlORUM</span> <span class='ocrx_word' id='word_1_44' title='bbox 640 1862 753 1907; x_wconf 78' lang='lat' dir='ltr'><strong>SANCTAE</strong></span> <span class='ocrx_word' id='word_1_45' title='bbox 767 1864 887 1909; x_wconf 79' lang='lat' dir='ltr'>vtafflltls</span> <span class='ocrx_word' id='word_1_46' title='bbox 896 1840 1093 1909; x_wconf 77' lang='lat' dir='ltr'>ETHELDREDAE</span> 
     </span>
    </p>
   </div>
   <div class='ocr_carea' id='block_1_5' title="bbox 279 1973 1092 2170">
    <p class='ocr_par' dir='ltr' id='par_1_5' title="bbox 279 1973 1092 2170">
     <span class='ocr_line' id='line_1_9' title="bbox 279 1973 1092 2049; baseline 0.007 -14"><span class='ocrx_word' id='word_1_47' title='bbox 279 1991 312 2035; x_wconf 83' lang='lat' dir='ltr'>ET</span> <span class='ocrx_word' id='word_1_48' title='bbox 329 1992 402 2049; x_wconf 83' lang='lat' dir='ltr'><strong>QUOD</strong></span> <span class='ocrx_word' id='word_1_49' title='bbox 419 1993 456 2038; x_wconf 79' lang='lat' dir='ltr'>Al)</span> <span class='ocrx_word' id='word_1_50' title='bbox 472 1993 566 2039; x_wconf 83' lang='lat' dir='ltr'><strong>REGEM</strong></span> <span class='ocrx_word' id='word_1_51' title='bbox 587 1995 778 2041; x_wconf 76' lang='lat' dir='ltr'>PROFECTURUS</span> <span class='ocrx_word' id='word_1_52' title='bbox 797 1973 946 2043; x_wconf 72' lang='lat' dir='ltr'>Hernicum</span> <span class='ocrx_word' id='word_1_53' title='bbox 967 1997 1092 2042; x_wconf 70' lang='lat' dir='ltr'>aaaron</span> 
     </span>
     <span class='ocr_line' id='line_1_10' title="bbox 280 2125 504 2170; baseline 0.018 -4"><span class='ocrx_word' id='word_1_54' title='bbox 280 2125 504 2170; x_wconf 71' lang='lat' dir='ltr'>ratusraarnna.</span> 
     </span>
    </p>
   </div>
   <div class='ocr_carea' id='block_1_6' title="bbox 129 2352 1096 3774">
    <p class='ocr_par' dir='ltr' id='par_1_6' title="bbox 129 2352 1096 3774">
     <span class='ocr_line' id='line_1_11' title="bbox 283 2352 1091 2449; baseline 0.006 -30"><span class='ocrx_word' id='word_1_55' title='bbox 283 2352 360 2420; x_wconf 86' lang='lat' dir='ltr'>Haec</span> <span class='ocrx_word' id='word_1_56' title='bbox 379 2363 428 2420; x_wconf 91' lang='lat' dir='ltr'>est</span> <span class='ocrx_word' id='word_1_57' title='bbox 448 2352 579 2422; x_wconf 91' lang='lat' dir='ltr'>Domina</span> <span class='ocrx_word' id='word_1_58' title='bbox 601 2377 686 2435; x_wconf 79' lang='lat' dir='ltr'>mea,</span> <span class='ocrx_word' id='word_1_59' title='bbox 711 2352 779 2424; x_wconf 83' lang='lat' dir='ltr'>haec</span> <span class='ocrx_word' id='word_1_60' title='bbox 805 2369 854 2424; x_wconf 88' lang='lat' dir='ltr'>est</span> <span class='ocrx_word' id='word_1_61' title='bbox 878 2354 984 2449; x_wconf 78' lang='lat' dir='ltr'>regina</span> <span class='ocrx_word' id='word_1_62' title='bbox 1005 2379 1091 2437; x_wconf 77' lang='lat' dir='ltr'>mea,</span> 
     </span>
     <span class='ocr_line' id='line_1_12' title="bbox 233 2482 1091 2584; baseline 0.005 -32"><span class='ocrx_word' id='word_1_63' title='bbox 233 2505 303 2578; x_wconf 80' lang='lat' dir='ltr'>quae</span> <span class='ocrx_word' id='word_1_64' title='bbox 315 2506 365 2552; x_wconf 89' lang='lat' dir='ltr'>me</span> <span class='ocrx_word' id='word_1_65' title='bbox 378 2482 530 2554; x_wconf 88' lang='lat' dir='ltr'>advenam</span> <span class='ocrx_word' id='word_1_66' title='bbox 544 2498 576 2554; x_wconf 90' lang='lat' dir='ltr'>et</span> <span class='ocrx_word' id='word_1_67' title='bbox 593 2485 793 2581; x_wconf 80' lang='lat' dir='ltr'>peregrinum</span> <span class='ocrx_word' id='word_1_68' title='bbox 808 2486 930 2583; x_wconf 80' lang='lat' dir='ltr'>excepit</span> <span class='ocrx_word' id='word_1_69' title='bbox 947 2485 1091 2584; x_wconf 85' lang='lat' dir='ltr'>bospitio,</span> 
     </span>
     <span class='ocr_line' id='line_1_13' title="bbox 233 2613 1094 2712; baseline 0.005 -31"><span class='ocrx_word' id='word_1_70' title='bbox 233 2638 268 2682; x_wconf 92' lang='lat' dir='ltr'>ac</span> <span class='ocrx_word' id='word_1_71' title='bbox 293 2613 453 2711; x_wconf 89' lang='lat' dir='ltr'>utriusque</span> <span class='ocrx_word' id='word_1_72' title='bbox 482 2615 555 2686; x_wconf 87' lang='lat' dir='ltr'>vitae</span> <span class='ocrx_word' id='word_1_73' title='bbox 578 2639 658 2712; x_wconf 88' lang='lat' dir='ltr'>pane</span> <span class='ocrx_word' id='word_1_74' title='bbox 686 2615 811 2700; x_wconf 84' lang='lat' dir='ltr'>refecit,</span> <span class='ocrx_word' id='word_1_75' title='bbox 838 2629 870 2686; x_wconf 88' lang='lat' dir='ltr'>et</span> <span class='ocrx_word' id='word_1_76' title='bbox 892 2614 1094 2687; x_wconf 84' lang='lat' dir='ltr'>circumdedit</span> 
     </span>
     <span class='ocr_line' id='line_1_14' title="bbox 234 2748 1095 2820; baseline 0.001 -2"><span class='ocrx_word' id='word_1_77' title='bbox 234 2748 432 2820; x_wconf 83' lang='lat' dir='ltr'>vestimento.</span> <span class='ocrx_word' id='word_1_78' title='bbox 486 2750 521 2819; x_wconf 96' lang='lat' dir='ltr'>ln</span> <span class='ocrx_word' id='word_1_79' title='bbox 539 2748 648 2820; x_wconf 93' lang='lat' dir='ltr'>baculo</span> <span class='ocrx_word' id='word_1_80' title='bbox 661 2773 732 2820; x_wconf 86' lang='lat' dir='ltr'>meo</span> <span class='ocrx_word' id='word_1_81' title='bbox 748 2749 861 2820; x_wconf 88' lang='lat' dir='ltr'>iterum</span> <span class='ocrx_word' id='word_1_82' title='bbox 875 2749 1014 2820; x_wconf 86' lang='lat' dir='ltr'>transibo</span> <span class='ocrx_word' id='word_1_83' title='bbox 1028 2751 1095 2820; x_wconf 88' lang='lat' dir='ltr'>Jor-</span> 
     </span>
     <span class='ocr_line' id='line_1_15' title="bbox 234 2881 1094 2980; baseline 0 -28"><span class='ocrx_word' id='word_1_84' title='bbox 234 2881 357 2964; x_wconf 82' lang='lat' dir='ltr'>danem,</span> <span class='ocrx_word' id='word_1_85' title='bbox 382 2881 439 2952; x_wconf 92' lang='lat' dir='ltr'>sed</span> <span class='ocrx_word' id='word_1_86' title='bbox 458 2894 542 2953; x_wconf 91' lang='lat' dir='ltr'>tanta</span> <span class='ocrx_word' id='word_1_87' title='bbox 564 2881 786 2953; x_wconf 91' lang='lat' dir='ltr'>interventrice</span> <span class='ocrx_word' id='word_1_88' title='bbox 809 2881 890 2979; x_wconf 90' lang='lat' dir='ltr'>apud</span> <span class='ocrx_word' id='word_1_89' title='bbox 914 2884 1015 2952; x_wconf 89' lang='lat' dir='ltr'>Deum</span> <span class='ocrx_word' id='word_1_90' title='bbox 1037 2908 1094 2980; x_wconf 90' lang='lat' dir='ltr'>pro</span> 
     </span>
     <span class='ocr_line' id='line_1_16' title="bbox 129 3011 1094 3111; baseline 0 -27"><span class='ocrx_word' id='word_1_91' title='bbox 129 3011 134 3020; x_wconf 83' lang='lat'>&#39;</span> <span class='ocrx_word' id='word_1_92' title='bbox 235 3013 324 3085; x_wconf 94' lang='lat' dir='ltr'>nobis</span> <span class='ocrx_word' id='word_1_93' title='bbox 347 3014 549 3110; x_wconf 79' lang='lat' dir='ltr'>suffragante,</span> <span class='ocrx_word' id='word_1_94' title='bbox 575 3039 669 3111; x_wconf 89' lang='lat' dir='ltr'>spero</span> <span class='ocrx_word' id='word_1_95' title='bbox 692 3039 742 3084; x_wconf 90' lang='lat' dir='ltr'>me</span> <span class='ocrx_word' id='word_1_96' title='bbox 760 3039 831 3086; x_wconf 90' lang='lat' dir='ltr'>cum</span> <span class='ocrx_word' id='word_1_97' title='bbox 852 3014 962 3084; x_wconf 86' lang='lat' dir='ltr'>turmis</span> <span class='ocrx_word' id='word_1_98' title='bbox 980 3013 1018 3084; x_wconf 91' lang='lat' dir='ltr'>ad</span> <span class='ocrx_word' id='word_1_99' title='bbox 1037 3039 1094 3111; x_wconf 88' lang='lat' dir='ltr'>pa-</span> 
     </span>
     <span class='ocr_line' id='line_1_17' title="bbox 234 3145 1095 3242; baseline 0 -26"><span class='ocrx_word' id='word_1_100' title='bbox 234 3146 324 3218; x_wconf 89' lang='lat' dir='ltr'>triam</span> <span class='ocrx_word' id='word_1_101' title='bbox 337 3171 417 3217; x_wconf 87' lang='lat' dir='ltr'>meae</span> <span class='ocrx_word' id='word_1_102' title='bbox 431 3146 534 3217; x_wconf 89' lang='lat' dir='ltr'>redire</span> <span class='ocrx_word' id='word_1_103' title='bbox 547 3145 723 3216; x_wconf 84' lang='lat' dir='ltr'>nativitatis.</span> <span class='ocrx_word' id='word_1_104' title='bbox 777 3145 826 3216; x_wconf 83' lang='lat' dir='ltr'>Ad</span> <span class='ocrx_word' id='word_1_105' title='bbox 838 3145 1014 3242; x_wconf 87' lang='lat' dir='ltr'>sepulcrum</span> <span class='ocrx_word' id='word_1_106' title='bbox 1028 3148 1095 3241; x_wconf 84' lang='lat' dir='ltr'>ejus</span> 
     </span>
     <span class='ocr_line' id='line_1_18' title="bbox 233 3277 1096 3362; baseline -0.002 -13"><span class='ocrx_word' id='word_1_107' title='bbox 233 3277 366 3351; x_wconf 89' lang='lat' dir='ltr'>devotus</span> <span class='ocrx_word' id='word_1_108' title='bbox 384 3279 512 3362; x_wconf 81' lang='lat' dir='ltr'>accessi,</span> <span class='ocrx_word' id='word_1_109' title='bbox 534 3279 682 3350; x_wconf 81' lang='lat' dir='ltr'>solennes</span> <span class='ocrx_word' id='word_1_110' title='bbox 700 3279 847 3350; x_wconf 83' lang='lat' dir='ltr'>excubias</span> <span class='ocrx_word' id='word_1_111' title='bbox 865 3277 1022 3349; x_wconf 89' lang='lat' dir='ltr'>humiliter</span> <span class='ocrx_word' id='word_1_112' title='bbox 1039 3302 1096 3348; x_wconf 91' lang='lat' dir='ltr'>ce·-</span> 
     </span>
     <span class='ocr_line' id='line_1_19' title="bbox 234 3409 1096 3508; baseline -0.002 -27"><span class='ocrx_word' id='word_1_113' title='bbox 234 3411 363 3495; x_wconf 84' lang='lat' dir='ltr'>lebravi,</span> <span class='ocrx_word' id='word_1_114' title='bbox 385 3437 485 3507; x_wconf 82' lang='lat' dir='ltr'>genua</span> <span class='ocrx_word' id='word_1_115' title='bbox 505 3425 576 3482; x_wconf 88' lang='lat' dir='ltr'>ante</span> <span class='ocrx_word' id='word_1_116' title='bbox 597 3437 665 3481; x_wconf 90' lang='lat' dir='ltr'>eam</span> <span class='ocrx_word' id='word_1_117' title='bbox 686 3411 800 3508; x_wconf 85' lang='lat' dir='ltr'>saepius</span> <span class='ocrx_word' id='word_1_118' title='bbox 823 3410 906 3494; x_wconf 81' lang='lat' dir='ltr'>flexi,</span> <span class='ocrx_word' id='word_1_119' title='bbox 929 3409 1096 3507; x_wconf 88' lang='lat' dir='ltr'>pavimen-</span> 
     </span>
     <span class='ocr_line' id='line_1_20' title="bbox 235 3541 1094 3642; baseline -0.007 -27"><span class='ocrx_word' id='word_1_120' title='bbox 235 3559 300 3615; x_wconf 88' lang='lat' dir='ltr'>tum</span> <span class='ocrx_word' id='word_1_121' title='bbox 316 3571 378 3642; x_wconf 92' lang='lat' dir='ltr'>quo</span> <span class='ocrx_word' id='word_1_122' title='bbox 399 3545 626 3616; x_wconf 82' lang='lat' dir='ltr'>decumbebam</span> <span class='ocrx_word' id='word_1_123' title='bbox 651 3543 784 3614; x_wconf 83' lang='lat' dir='ltr'>lacrimis</span> <span class='ocrx_word' id='word_1_124' title='bbox 807 3541 942 3635; x_wconf 77' lang='lat' dir='ltr'>irrigavi,</span> <span class='ocrx_word' id='word_1_125' title='bbox 962 3541 1094 3612; x_wconf 93' lang='lat' dir='ltr'>abeundi</span> 
     </span>
     <span class='ocr_line' id='line_1_21' title="bbox 234 3671 1096 3774; baseline -0.009 -26"><span class='ocrx_word' id='word_1_126' title='bbox 234 3677 386 3750; x_wconf 89' lang='lat' dir='ltr'>licentiam</span> <span class='ocrx_word' id='word_1_127' title='bbox 402 3677 482 3772; x_wconf 73' lang='lat' dir='ltr'>[lens</span> <span class='ocrx_word' id='word_1_128' title='bbox 498 3691 530 3748; x_wconf 88' lang='lat' dir='ltr'>et</span> <span class='ocrx_word' id='word_1_129' title='bbox 542 3676 661 3774; x_wconf 83' lang='lat' dir='ltr'>ejulans</span> <span class='ocrx_word' id='word_1_130' title='bbox 679 3673 841 3773; x_wconf 80' lang='lat' dir='ltr'>postulavi:</span> <span class='ocrx_word' id='word_1_131' title='bbox 895 3671 998 3744; x_wconf 89' lang='lat' dir='ltr'>Credo</span> <span class='ocrx_word' id='word_1_132' title='bbox 1015 3671 1096 3770; x_wconf 91' lang='lat' dir='ltr'>quod</span> 
     </span>
    </p>
   </div>
   <div class='ocr_carea' id='block_1_7' title="bbox 235 3805 1096 3910">
    <p class='ocr_par' dir='ltr' id='par_1_7' title="bbox 235 3805 1096 3910">
     <span class='ocr_line' id='line_1_22' title="bbox 235 3805 1096 3910; baseline -0.013 -26"><span class='ocrx_word' id='word_1_133' title='bbox 235 3841 302 3910; x_wconf 67' lang='lat' dir='ltr'>ejus</span> <span class='ocrx_word' id='word_1_134' title='bbox 318 3813 436 3884; x_wconf 90' lang='lat' dir='ltr'>meritis</span> <span class='ocrx_word' id='word_1_135' title='bbox 456 3837 514 3909; x_wconf 88' lang='lat' dir='ltr'>per</span> <span class='ocrx_word' id='word_1_136' title='bbox 532 3835 678 3908; x_wconf 86' lang='lat' dir='ltr'>aequorea</span> <span class='ocrx_word' id='word_1_137' title='bbox 697 3808 842 3878; x_wconf 75' lang='lat' dir='ltr'>salvabor</span> <span class='ocrx_word' id='word_1_138' title='bbox 859 3805 1045 3887; x_wconf 74' lang='lat' dir='ltr'>discrimina,</span> <span class='ocrx_word' id='word_1_139' title='bbox 1067 3819 1096 3873; x_wconf 90' lang='lat' dir='ltr'>et</span> 
     </span>
    </p>
   </div>
   <div class='ocr_carea' id='block_1_8' title="bbox 234 3940 1097 4102">
    <p class='ocr_par' dir='ltr' id='par_1_8' title="bbox 234 3940 1097 4102">
     <span class='ocr_line' id='line_1_23' title="bbox 234 3940 1097 4046; baseline -0.016 -26"><span class='ocrx_word' id='word_1_140' title='bbox 234 3951 329 4046; x_wconf 84' lang='lat' dir='ltr'>gratia</span> <span class='ocrx_word' id='word_1_141' title='bbox 340 3947 485 4046; x_wconf 89' lang='lat' dir='ltr'>principis</span> <span class='ocrx_word' id='word_1_142' title='bbox 496 3945 567 4016; x_wconf 94' lang='lat' dir='ltr'>mihi</span> <span class='ocrx_word' id='word_1_143' title='bbox 582 3945 612 4015; x_wconf 96' lang='lat' dir='ltr'>in</span> <span class='ocrx_word' id='word_1_144' title='bbox 623 3958 706 4015; x_wconf 87' lang='lat' dir='ltr'>terra</span> <span class='ocrx_word' id='word_1_145' title='bbox 717 3941 834 4013; x_wconf 83' lang='lat' dir='ltr'>lavabit</span> <span class='ocrx_word' id='word_1_146' title='bbox 843 3941 951 4010; x_wconf 92' lang='lat' dir='ltr'>aliena.</span> <span class='ocrx_word' id='word_1_147' title='bbox 981 3940 1097 4022; x_wconf 89' lang='lat' dir='ltr'>Quem-</span> 
     </span>
     <span class='ocr_line' id='line_1_24' title="bbox 934 4055 965 4102; baseline 0 0"><span class='ocrx_word' id='word_1_148' title='bbox 934 4055 965 4102; x_wconf 76' lang='lat' dir='ltr'>aa</span> 
     </span>
    </p>
   </div>
   <div class='ocr_carea' id='block_1_9' title="bbox 0 0 1531 5036">
    <p class='ocr_par' dir='ltr' id='par_1_9' title="bbox 0 0 1531 5036">
     <span class='ocr_line' id='line_1_25' title="bbox 0 0 1531 5036; baseline 0 0"><span class='ocrx_word' id='word_1_149' title='bbox 0 0 1531 5036; x_wconf 95' lang='lat' dir='ltr'> </span> 
     </span>
    </p>
   </div>
  </div>
 </body>
</html>
