3038 5036
435 763 546 809 osnnnrr
565 763 599 808 or
617 761 707 807 conon
724 761 874 807 nrrsronn.
1016 733 1085 807 479
1202 816 1205 822 Ι

277 917 469 990 Venerabilis
492 920 656 1002 Osbertus,
684 919 767 1016 prior
788 917 1014 990 Daventrensis
1033 942 1089 987 eo-

229 1049 341 1133 olesiae,
358 1076 454 1147 qourn
470 1049 569 1121 adhoc
587 1049 819 1148 eleemosynam
838 1049 990 1121 divideret
1007 1075 1089 1147 pau-

228 1182 353 1278 peribus
370 1195 486 1253 sanotae
503 1182 667 1276 Milburgae
686 1181 825 1276 virginis,
847 1181 907 1253 hoo
922 1208 962 1252 ex
981 1207 1090 1252 eorum

230 1338 284 1382 ore
315 1313 469 1384 veraciter
499 1313 618 1397 didicit,
656 1314 767 1411 quibus
803 1312 832 1383 id
865 1316 951 1384 Deus
984 1312 1089 1384 audire

228 1469 336 1540 parum
357 1444 473 1528 annuit,
495 1468 666 1542 parumque
690 1443 833 1538 negavit,
859 1469 991 1541 quorum
1017 1455 1089 1514 tes-

231 1574 356 1646 timonio
374 1575 469 1646 fidem
488 1576 641 1647 faciebant
657 1575 792 1646 lacrimae
808 1588 840 1646 et
855 1575 946 1670 longa
959 1574 1090 1672 suspiria

230 1707 270 1779 de
293 1708 446 1806 profundo
469 1709 571 1780 carnis
594 1708 683 1779 altius
703 1720 857 1778 revocata.
910 1709 958 1776 De
982 1731 1090 1777 eorum

230 1864 362 1937 namque
379 1838 440 1910 fide
458 1840 506 1910 vir
523 1865 585 1909 non
603 1838 763 1910 diffidebat
784 1839 941 1935 egregiae,
962 1864 1040 1936 quos
1059 1852 1092 1909 et

230 1970 260 2040 in
277 1970 353 2042 cella
371 1970 560 2068 paupertatis
575 1968 688 2041 Christi
706 1969 898 2067 frequentius
910 1981 982 2039 ante
999 1967 1052 2038 ref
1068 2011 1090 2020 —

230 2115 325 2186 cerat,
341 2116 373 2173 ot
390 2102 429 2174 de
447 2101 596 2172 relatione
614 2099 747 2173 veridica
765 2127 828 2173 non
845 2099 1014 2172 dubitabat.

377 2370 579 2441 EPISTOLA
597 2368 840 2439 xxxv-Ao
858 2369 940 2439 loan.

231 2551 387 2632 Osbertas,
401 2554 462 2623 Dei
469 2551 684 2623 misericordia
693 2554 728 2622 ia
744 2551 1009 2622 Woatmoaoatert'i
1021 2548 1092 2619 die-

278 2698 327 2755 tos
349 2686 440 2782 prior
465 2684 615 2766 eeclesiae,
643 2683 709 2754 Idae
735 2682 944 2754 dilectissimae
970 2679 1031 2750 sibi
1057 2681 1092 2749 in

282 2816 405 2887 Christo
416 2817 504 2914 filiae,
513 2815 557 2887 od
564 2816 731 2914 ampleaoas
741 2815 849 2912 sponsi
860 2813 989 2883 eoelestis
999 2813 1092 2882 attia-

276 2977 347 3047 pera
364 2965 392 3020 et
407 2951 523 3047 rapinae
539 2951 621 3019 inter
635 2950 722 3048 filios
739 2949 819 3022 Sion
834 2974 854 3017 a
872 2945 1009 3016 denoteris
1025 2945 1093 3040 ejas

279 3093 428 3150 enonotoe
445 3106 584 3177 reparare.

278 3295 367 3391 Cogit
383 3321 434 3366 rne
456 3311 596 3369 sanctum
611 3295 802 3368 desiderium
821 3307 918 3376 tunm,
937 3316 1091 3387 generosa

230 3426 407 3524 progenies,
431 3443 465 3498 ut
488 3428 541 3499 tibi
564 3429 614 3499 vel
637 3429 778 3500 breviter
805 3425 916 3524 aliquid
944 3422 1089 3502 scribam,

230 3555 312 3627 unde
329 3557 476 3654 religiosi,
496 3572 546 3630 eto
551 3614 871 3627 ......
901 3558 948 3625 De
962 3553 1091 3624 ducibus

229 3715 362 3787 namque
389 3706 420 3762 et
445 3692 623 3763 oonsulibus
647 3692 748 3762 carnis
774 3690 901 3761 trahens
927 3685 1089 3782 originem,

230 3823 363 3893 terrenis
386 3823 546 3921 praetulisti
570 3823 686 3895 deliciis
709 3824 792 3920 regis
813 3819 922 3892 aeterni
944 3817 1092 3888 nobilita·
1141 3832 1145 3840 ’

177 3980 181 3989 ·
232 3965 295 4022 tem
325 4005 1087 4024 ,,,,,,,,,,,,,
