3012 5040
398 691 467 760 420
602 713 714 760 osusnrr
732 713 766 757 un
784 713 873 758 cmm
892 711 1039 756 nnsrorn.

446 991 646 1060 llPlSTOLA
671 941 723 1058 Vll
737 992 937 1060 -Srnrnmn
962 1015 1041 1060 rucis
1059 1015 1145 1059 nrrsr.
1167 1015 1203 1058 ru

666 1123 853 1192 lnuocnurrrn
879 1147 981 1192 rursu.

397 1338 569 1406 Innocentio
576 1363 694 1406 suintino
708 1336 853 1432 Pontifici
861 1335 1116 1405 eccellentissimo
1123 1337 1257 1405 Dornino

446 1494 500 1538 suo
517 1483 545 1538 et
564 1467 743 1538 dulcissimo
753 1469 852 1564 putri,
867 1467 1046 1563 Stephanus
1060 1492 1118 1537 rem
1131 1467 1255 1562 Anplo-

446 1628 516 1670 rum
532 1615 560 1670 et
570 1599 639 1669 doru
651 1601 913 1679 Normnrtnorurn,
928 1599 1099 1669 salutemet
1113 1598 1256 1668 obedien-

447 1736 567 1803 tinniet
584 1759 703 1802 omnent
721 1731 865 1800 honorem
882 1745 911 1800 et
922 1731 1067 1828 plotium.

446 1933 523 2016 Quin
535 1946 712 2002 sanctorum
725 1959 835 2028 regum
851 1933 1003 2016 instantio,
1018 1947 1105 2030 poter
1118 1933 1255 2016 excelse,

374 2064 525 2134 ‘multum
549 2064 678 2162 profecit
704 2065 877 2161 Anglorum
903 2065 1032 2135 ccclesia
1058 2065 1087 2136 in
1108 2063 1258 2158 religione

397 2195 579 2280 Christiane,
607 2212 639 2268 ot
666 2199 765 2269 beatis
789 2199 949 2296 Apostolis
973 2201 1064 2269 Petro
1092 2212 1124 2268 et
1150 2198 1256 2281 Paulo,

398 2329 541 2400 omnibus
559 2331 665 2426 regnis
689 2331 852 2429 specialius
873 2356 972 2402 annua
998 2331 1109 2402 tributo
1133 2329 1261 2427 persol-

398 2475 499 2544 veret,
520 2461 579 2533 hoc
595 2461 705 2558 adjecit
722 2462 928 2559 Omnipotens
943 2464 1028 2533 Deus
1045 2475 1078 2532 ut
1095 2463 1261 2532 Romano-

398 2617 467 2664 rum
484 2593 666 2666 Pontificum
684 2606 771 2690 grata
789 2593 963 2665 benedictio
982 2593 1113 2666 eandem
1131 2605 1261 2689 gentem

398 2725 573 2798 lamiliarius
596 2728 786 2799 confoveret.
838 2727 927 2799 Unde
949 2728 1052 2798 innata
1074 2727 1171 2825 pietas
1187 2726 1261 2796 vir-

398 2857 471 2928 tutis
493 2871 526 2929 et
548 2859 760 2930 sanctimoniae
783 2871 867 2929 tanta
893 2859 924 2928 in
948 2858 1062 2928 sanctis
1085 2856 1261 2952 Anglorum

399 2993 536 3088 regibus
561 2995 628 3064 Deo
650 2993 796 3076 donante,
820 2991 983 3064 consuevit
1005 3003 1262 3072 excrescerent

399 3123 548 3221 quosdam
564 3127 631 3196 Deo
644 3125 795 3224 placuisse
812 3124 944 3195 sciamus
960 3148 1018 3222 per
1035 3121 1172 3222 martyrii
1188 3147 1263 3192 me-

399 3254 508 3340 ritum,
537 3257 690 3328 nonnullis
721 3281 798 3327 vero
824 3255 863 3326 ad
888 3255 1045 3328 Christum
1074 3255 1261 3354 pervenisse

399 3411 457 3485 per
478 3401 593 3460 sunotae
616 3389 798 3485 virginitatis
821 3389 974 3485 insignem
999 3386 1201 3486 triumphum
1229 3387 1262 3458 in

399 3517 510 3616 quibus
524 3519 676 3616 gloriosus
692 3519 749 3590 Dei
766 3518 896 3590 famulus
912 3531 944 3589 et
960 3543 1017 3590 rex
1030 3517 1188 3616 praeclarae
1206 3544 1264 3588 no
1347 3511 1351 3532 '

400 3648 522 3720 bilitatis
539 3649 714 3722 Edwardus
731 3649 901 3720 solenniter
919 3648 1031 3732 mtilat,
1050 3661 1082 3720 et
1099 3647 1137 3719 ad
1154 3649 1268 3745 sepul-

399 3806 486 3852 crum
510 3783 576 3878 ejus
598 3782 756 3879 signomm
776 3780 947 3878 frequentia
966 3780 1137 3852 coelestium
1163 3779 1262 3850 clari-

401 3913 471 3984 tatis
485 3940 549 3986 suae
561 3916 662 3986 radios
676 3915 796 3986 coelitus
809 3914 918 3986 vihrnl.
966 3917 1040 3984 Tam
1055 3913 1161 3985 densis
1175 3913 1260 3984 enim
