3038 5036
404 660 471 728 toa
609 681 721 728 osmari
737 683 773 728 un
791 682 881 728 ciana
899 683 1047 728 urrsronn.

472 858 674 930 EPISTOLA
692 859 807 928 XXlll.
818 858 919 928 -An
924 913 1180 926 .....
1192 949 1198 962 Ι

450 1025 484 1094 ln
502 1024 600 1094 veteri
618 1023 715 1095 amico
734 1049 813 1094 nova
830 1017 981 1120 stipendia
1000 1046 1156 1119 quaerere,
1178 1035 1211 1090 et
1229 1019 1261 1089 in

402 1155 574 1226 senioribus
591 1151 723 1251 antiquis
736 1153 925 1248 investigare
939 1151 1130 1250 sapientiam,
1149 1150 1264 1221 detrita

402 1301 451 1358 est
468 1287 604 1358 omnium
622 1287 751 1358 materia
769 1286 954 1357 saeculorum
1000 1341 1256 1354 .....

402 1419 547 1514 Legimus
572 1443 705 1516 namque
731 1418 761 1488 in
785 1419 906 1489 Seneca
930 1446 936 1486 :
961 1416 1120 1512 Benignus
1136 1440 1262 1487 causam

402 1551 492 1623 dandi
509 1551 664 1647 excogitat
669 1607 925 1620 .....

474 1733 676 1804 EPISTOLA
694 1730 809 1803 XXIV.
820 1733 921 1804 -An
927 1789 1182 1802 .....

450 1901 506 1984 Te,
522 1899 645 1984 dilecte,
661 1899 771 1970 salutat
787 1899 928 1998 epistola,
944 1899 1046 1970 dilecti
1060 1913 1093 1972 et
1104 1898 1262 1971 dilectoris

402 2029 581 2102 charactere
599 2030 759 2126 designata
785 2086 1104 2100 ......
1156 2029 1208 2100 ubi
1229 2029 1261 2100 in

402 2160 470 2231 sinu
482 2163 672 2260 paupertatis
684 2163 796 2255 Christi
815 2158 900 2235 multi
915 2187 1066 2261 sequaces
1083 2175 1133 2233 tua
1150 2163 1261 2234 iterato

401 2289 604 2363 informantur
615 2291 778 2390 prudentia
792 2306 823 2363 et
834 2293 994 2364 sanctitate
1007 2307 1099 2390 atque
1111 2292 1261 2390 religione

403 2424 651 2496 transmittuntur
668 2425 706 2496 ad
724 2451 852 2522 supera;
873 2425 904 2496 in
917 2427 1030 2523 quibus
1049 2440 1081 2496 et
1096 2427 1261 2524 meipsum

402 2583 606 2629 annumerare
632 2557 860 2644 desiderarem,
889 2561 914 2632 si
942 2560 1091 2632 incolatus
1121 2559 1201 2630 exilii
1229 2573 1263 2630 et

402 2689 585 2786 proscriptio
607 2677 712 2761 nostra
734 2705 873 2762 cessaret
878 2749 1134 2760 .....
1187 2693 1263 2763 Cae-

404 2835 517 2906 terum,
533 2821 744 2908 dilectissime,
760 2824 875 2919 gratias
885 2837 916 2894 et
929 2824 1043 2919 gratias
1058 2824 1190 2894 infinitas
1201 2838 1263 2895 tuae

403 2967 542 3050 paternae
568 2954 720 3025 debemus
747 2954 955 3040 excellentiae,
986 2955 1069 3054 quod
1094 2955 1133 3026 ad
1159 2955 1262 3027 locum

404 3088 552 3160 incolatus
570 3090 668 3160 nostri
686 3089 794 3161 venire
816 3088 970 3187 dignatus,
990 3089 1173 3188 parvitatem
1191 3117 1263 3162 nos-

406 3236 484 3294 tram
514 3224 634 3296 voluisti
665 3225 811 3296 invisere.
851 3223 937 3294 -Sed
966 3223 1035 3321 quia
1066 3250 1123 3321 pro
1147 3224 1264 3296 Judaeis

405 3354 588 3451 quibusdam
614 3357 826 3440 exactoribus,
859 3371 966 3427 vetera
996 3385 1013 3427 a
1039 3383 1090 3427 me
1120 3357 1262 3454 quaedam

405 3487 509 3559 debita
525 3488 721 3585 exigentibus
733 3490 871 3573 aberam,
891 3513 961 3587 quae
978 3490 1007 3560 in
1027 3490 1264 3561 necessitatibus

406 3634 437 3691 et
449 3621 583 3717 negotiis
600 3622 739 3694 ecelesiae
752 3623 837 3720 prius
854 3621 1077 3720 expenderam,
1093 3623 1133 3694 ab
1144 3622 1265 3720 hospita

405 3753 515 3824 tellure
535 3755 700 3827 frustratus
723 3769 775 3826 tuo
793 3781 942 3826 reversus
960 3781 995 3826 es
1014 3755 1178 3826 desiderio.
1232 3755 1264 3824 Si

405 3883 517 3984 aliquid
534 3885 564 3956 in
578 3884 636 3956 hac
649 3911 740 3957 causa
756 3885 879 3984 deliqui,
895 3899 957 3957 tuae
975 3899 1024 3957 est
1041 3886 1163 3984 pietatis
1178 3886 1265 3984 igno-
