<?xml version="1.0" encoding="UTF-8"?>
<!DOCTYPE html PUBLIC "-//W3C//DTD XHTML 1.0 Transitional//EN"
    "http://www.w3.org/TR/xhtml1/DTD/xhtml1-transitional.dtd">
<html xmlns="http://www.w3.org/1999/xhtml" xml:lang="en" lang="en">
 <head>
  <title>
</title>
<meta http-equiv="Content-Type" content="text/html;charset=utf-8" />
  <meta name='ocr-system' content='tesseract 3.04.00' />
  <meta name='ocr-capabilities' content='ocr_page ocr_carea ocr_par ocr_line ocrx_word'/>
</head>
<body>
  <div class='ocr_page' id='page_1' title='image "./epistolaeherber00ethegoog_0165.png"; bbox 0 0 3012 5040; ppageno 0'>
   <div class='ocr_carea' id='block_1_1' title="bbox 362 678 1007 750">
    <p class='ocr_par' dir='ltr' id='par_1_1' title="bbox 362 678 1007 750">
     <span class='ocr_line' id='line_1_1' title="bbox 362 678 1007 750; baseline 0.005 -4"><span class='ocrx_word' id='word_1_1' title='bbox 362 678 430 750; x_wconf 60' lang='lat' dir='ltr'>lld</span> <span class='ocrx_word' id='word_1_2' title='bbox 567 703 679 748; x_wconf 71' lang='lat' dir='ltr'>osanam</span> <span class='ocrx_word' id='word_1_3' title='bbox 697 703 731 748; x_wconf 77' lang='grc' dir='ltr'>ΒΕ</span> <span class='ocrx_word' id='word_1_4' title='bbox 750 704 842 748; x_wconf 72' lang='lat' dir='ltr'>osana</span> <span class='ocrx_word' id='word_1_5' title='bbox 860 704 1007 750; x_wconf 79' lang='lat' dir='ltr'>EPlSTOLAE.</span> 
     </span>
    </p>
   </div>
   <div class='ocr_carea' id='block_1_2' title="bbox 357 860 1222 1753">
    <p class='ocr_par' dir='ltr' id='par_1_2' title="bbox 357 860 1222 1753">
     <span class='ocr_line' id='line_1_2' title="bbox 357 860 1221 959; baseline 0.006 -30"><span class='ocrx_word' id='word_1_6' title='bbox 357 873 532 930; x_wconf 90' lang='lat' dir='ltr'>vestrarum</span> <span class='ocrx_word' id='word_1_7' title='bbox 565 860 718 956; x_wconf 79' lang='lat' dir='ltr'>suffragiis</span> <span class='ocrx_word' id='word_1_8' title='bbox 747 887 840 959; x_wconf 89' lang='lat' dir='ltr'>spero</span> <span class='ocrx_word' id='word_1_9' title='bbox 870 862 1058 958; x_wconf 76' lang='lat' dir='ltr'>praemuniri.</span> <span class='ocrx_word' id='word_1_10' title='bbox 1118 865 1221 948; x_wconf 87' lang='lat' dir='ltr'>Quum</span> 
     </span>
     <span class='ocr_line' id='line_1_3' title="bbox 358 993 1221 1092; baseline 0.005 -30"><span class='ocrx_word' id='word_1_11' title='bbox 358 993 441 1062; x_wconf 89' lang='lat' dir='ltr'>enim</span> <span class='ocrx_word' id='word_1_12' title='bbox 463 1018 523 1088; x_wconf 90' lang='lat' dir='ltr'>ego</span> <span class='ocrx_word' id='word_1_13' title='bbox 541 993 642 1089; x_wconf 79' lang='lat' dir='ltr'>Tyriis</span> <span class='ocrx_word' id='word_1_14' title='bbox 662 1007 693 1063; x_wconf 92' lang='lat' dir='ltr'>et</span> <span class='ocrx_word' id='word_1_15' title='bbox 715 993 849 1064; x_wconf 89' lang='lat' dir='ltr'>Sidoniis</span> <span class='ocrx_word' id='word_1_16' title='bbox 867 994 1022 1065; x_wconf 83' lang='lat' dir='ltr'>vicinitate</span> <span class='ocrx_word' id='word_1_17' title='bbox 1042 994 1100 1064; x_wconf 91' lang='lat' dir='ltr'>sim</span> <span class='ocrx_word' id='word_1_18' title='bbox 1118 997 1221 1092; x_wconf 83' lang='lat' dir='ltr'>prori-</span> 
     </span>
     <span class='ocr_line' id='line_1_4' title="bbox 358 1124 1222 1222; baseline 0.002 -27"><span class='ocrx_word' id='word_1_19' title='bbox 358 1151 437 1208; x_wconf 78' lang='lat' dir='ltr'>muS,</span> <span class='ocrx_word' id='word_1_20' title='bbox 454 1124 504 1194; x_wconf 92' lang='lat' dir='ltr'>ubi</span> <span class='ocrx_word' id='word_1_21' title='bbox 523 1137 691 1194; x_wconf 85' lang='lat' dir='ltr'>venatores</span> <span class='ocrx_word' id='word_1_22' title='bbox 705 1125 807 1194; x_wconf 80' lang='lat' dir='ltr'>solent</span> <span class='ocrx_word' id='word_1_23' title='bbox 824 1125 946 1196; x_wconf 89' lang='lat' dir='ltr'>inutiles</span> <span class='ocrx_word' id='word_1_24' title='bbox 964 1125 1136 1222; x_wconf 81' lang='lat' dir='ltr'>spirituales</span> <span class='ocrx_word' id='word_1_25' title='bbox 1153 1127 1222 1197; x_wconf 84' lang='lat' dir='ltr'>sre—</span> 
     </span>
     <span class='ocr_line' id='line_1_5' title="bbox 357 1256 1221 1354; baseline 0.002 -28"><span class='ocrx_word' id='word_1_26' title='bbox 357 1269 490 1354; x_wconf 92' lang='lat' dir='ltr'>quenter</span> <span class='ocrx_word' id='word_1_27' title='bbox 508 1257 665 1351; x_wconf 80' lang='lat' dir='ltr'>angustias</span> <span class='ocrx_word' id='word_1_28' title='bbox 683 1256 829 1327; x_wconf 86' lang='lat' dir='ltr'>Israelitis</span> <span class='ocrx_word' id='word_1_29' title='bbox 842 1257 998 1352; x_wconf 83' lang='lat' dir='ltr'>ingerere,</span> <span class='ocrx_word' id='word_1_30' title='bbox 1019 1283 1076 1328; x_wconf 90' lang='lat' dir='ltr'>vos</span> <span class='ocrx_word' id='word_1_31' title='bbox 1087 1258 1173 1329; x_wconf 86' lang='lat' dir='ltr'>cives</span> <span class='ocrx_word' id='word_1_32' title='bbox 1190 1260 1221 1328; x_wconf 94' lang='lat' dir='ltr'>in</span> 
     </span>
     <span class='ocr_line' id='line_1_6' title="bbox 359 1387 1220 1486; baseline 0.002 -28"><span class='ocrx_word' id='word_1_33' title='bbox 359 1388 553 1460; x_wconf 87' lang='lat' dir='ltr'>Hierusalem</span> <span class='ocrx_word' id='word_1_34' title='bbox 570 1412 640 1457; x_wconf 90' lang='lat' dir='ltr'>cum</span> <span class='ocrx_word' id='word_1_35' title='bbox 657 1389 750 1458; x_wconf 88' lang='lat' dir='ltr'>losue</span> <span class='ocrx_word' id='word_1_36' title='bbox 763 1387 936 1486; x_wconf 92' lang='lat' dir='ltr'>triumphali</span> <span class='ocrx_word' id='word_1_37' title='bbox 954 1389 1123 1459; x_wconf 85' lang='lat' dir='ltr'>certamine</span> <span class='ocrx_word' id='word_1_38' title='bbox 1136 1415 1220 1460; x_wconf 88' lang='lat' dir='ltr'>oon-</span> 
     </span>
     <span class='ocr_line' id='line_1_7' title="bbox 358 1518 1221 1615; baseline 0.001 -25"><span class='ocrx_word' id='word_1_39' title='bbox 358 1535 405 1590; x_wconf 91' lang='lat' dir='ltr'>tra</span> <span class='ocrx_word' id='word_1_40' title='bbox 422 1520 610 1615; x_wconf 88' lang='lat' dir='ltr'>alienigenas</span> <span class='ocrx_word' id='word_1_41' title='bbox 624 1518 815 1602; x_wconf 90' lang='lat' dir='ltr'>dimicantes,</span> <span class='ocrx_word' id='word_1_42' title='bbox 831 1518 870 1589; x_wconf 92' lang='lat' dir='ltr'>ad</span> <span class='ocrx_word' id='word_1_43' title='bbox 886 1532 1002 1590; x_wconf 91' lang='lat' dir='ltr'>terram</span> <span class='ocrx_word' id='word_1_44' title='bbox 1020 1520 1098 1590; x_wconf 90' lang='lat' dir='ltr'>laete</span> <span class='ocrx_word' id='word_1_45' title='bbox 1112 1521 1221 1592; x_wconf 86' lang='lat' dir='ltr'>lluen-</span> 
     </span>
     <span class='ocr_line' id='line_1_8' title="bbox 357 1654 1221 1753; baseline 0 -27"><span class='ocrx_word' id='word_1_46' title='bbox 357 1669 421 1726; x_wconf 88' lang='lat' dir='ltr'>tem</span> <span class='ocrx_word' id='word_1_47' title='bbox 439 1672 470 1726; x_wconf 92' lang='lat' dir='ltr'>et</span> <span class='ocrx_word' id='word_1_48' title='bbox 487 1655 579 1726; x_wconf 92' lang='lat' dir='ltr'>melle</span> <span class='ocrx_word' id='word_1_49' title='bbox 598 1654 823 1724; x_wconf 87' lang='lat' dir='ltr'>redundantem</span> <span class='ocrx_word' id='word_1_50' title='bbox 843 1654 961 1751; x_wconf 90' lang='lat' dir='ltr'>palmas</span> <span class='ocrx_word' id='word_1_51' title='bbox 977 1655 1116 1726; x_wconf 66' lang='lat' dir='ltr'>victorina</span> <span class='ocrx_word' id='word_1_52' title='bbox 1135 1682 1221 1753; x_wconf 88' lang='lat' dir='ltr'>quo-</span> 
     </span>
    </p>
   </div>
   <div class='ocr_carea' id='block_1_3' title="bbox 357 1787 1221 1882">
    <p class='ocr_par' dir='ltr' id='par_1_3' title="bbox 357 1787 1221 1882">
     <span class='ocr_line' id='line_1_9' title="bbox 357 1787 1221 1882; baseline 0.001 -24"><span class='ocrx_word' id='word_1_53' title='bbox 357 1788 477 1859; x_wconf 90' lang='lat' dir='ltr'>tidianis</span> <span class='ocrx_word' id='word_1_54' title='bbox 507 1788 662 1858; x_wconf 89' lang='lat' dir='ltr'>exercitiis</span> <span class='ocrx_word' id='word_1_55' title='bbox 692 1787 853 1882; x_wconf 84' lang='lat' dir='ltr'>delegatis.</span> <span class='ocrx_word' id='word_1_56' title='bbox 907 1787 1036 1872; x_wconf 80' lang='lat' dir='ltr'>ldcircO,</span> <span class='ocrx_word' id='word_1_57' title='bbox 1064 1788 1221 1860; x_wconf 87' lang='lat' dir='ltr'>humiliter</span> 
     </span>
    </p>
   </div>
   <div class='ocr_carea' id='block_1_4' title="bbox 357 1909 1221 2018">
    <p class='ocr_par' dir='ltr' id='par_1_4' title="bbox 357 1909 1221 2018">
     <span class='ocr_line' id='line_1_10' title="bbox 357 1909 1221 2018; baseline 0.001 -28"><span class='ocrx_word' id='word_1_58' title='bbox 357 1920 478 2018; x_wconf 91' lang='lat' dir='ltr'>postulo</span> <span class='ocrx_word' id='word_1_59' title='bbox 506 1934 536 1990; x_wconf 90' lang='lat' dir='ltr'>et</span> <span class='ocrx_word' id='word_1_60' title='bbox 565 1919 743 2018; x_wconf 79' lang='lat' dir='ltr'>suppliciter</span> <span class='ocrx_word' id='word_1_61' title='bbox 773 1920 924 2002; x_wconf 80' lang='lat' dir='ltr'>obsecre,</span> <span class='ocrx_word' id='word_1_62' title='bbox 953 1933 986 1990; x_wconf 93' lang='lat' dir='ltr'>ut</span> <span class='ocrx_word' id='word_1_63' title='bbox 1012 1909 1084 1989; x_wconf 92' lang='lat' dir='ltr'>dum</span> <span class='ocrx_word' id='word_1_64' title='bbox 1114 1947 1221 1991; x_wconf 91' lang='lat' dir='ltr'>muros</span> 
     </span>
    </p>
   </div>
   <div class='ocr_carea' id='block_1_5' title="bbox 355 2050 1222 3865">
    <p class='ocr_par' dir='ltr' id='par_1_5' title="bbox 355 2050 1222 3865">
     <span class='ocr_line' id='line_1_11' title="bbox 356 2050 1222 2151; baseline 0 -28"><span class='ocrx_word' id='word_1_65' title='bbox 356 2052 478 2124; x_wconf 87' lang='lat' dir='ltr'>lericho</span> <span class='ocrx_word' id='word_1_66' title='bbox 503 2078 573 2123; x_wconf 88' lang='lat' dir='ltr'>oum</span> <span class='ocrx_word' id='word_1_67' title='bbox 593 2052 673 2122; x_wconf 91' lang='lat' dir='ltr'>tubis</span> <span class='ocrx_word' id='word_1_68' title='bbox 697 2050 940 2122; x_wconf 88' lang='lat' dir='ltr'>sacerdotalibus</span> <span class='ocrx_word' id='word_1_69' title='bbox 966 2066 1088 2151; x_wconf 90' lang='lat' dir='ltr'>septem</span> <span class='ocrx_word' id='word_1_70' title='bbox 1111 2052 1222 2124; x_wconf 89' lang='lat' dir='ltr'>diebus</span> 
     </span>
     <span class='ocr_line' id='line_1_12' title="bbox 357 2183 1220 2282; baseline 0.002 -28"><span class='ocrx_word' id='word_1_71' title='bbox 357 2184 394 2254; x_wconf 94' lang='lat' dir='ltr'>ad</span> <span class='ocrx_word' id='word_1_72' title='bbox 420 2199 536 2254; x_wconf 89' lang='lat' dir='ltr'>terram</span> <span class='ocrx_word' id='word_1_73' title='bbox 559 2183 767 2282; x_wconf 87' lang='lat' dir='ltr'>prosternitis,</span> <span class='ocrx_word' id='word_1_74' title='bbox 792 2208 842 2253; x_wconf 94' lang='lat' dir='ltr'>me</span> <span class='ocrx_word' id='word_1_75' title='bbox 864 2184 893 2253; x_wconf 96' lang='lat' dir='ltr'>in</span> <span class='ocrx_word' id='word_1_76' title='bbox 919 2184 1012 2256; x_wconf 93' lang='lat' dir='ltr'>domo</span> <span class='ocrx_word' id='word_1_77' title='bbox 1030 2185 1115 2256; x_wconf 88' lang='lat' dir='ltr'>Raab</span> <span class='ocrx_word' id='word_1_78' title='bbox 1138 2185 1220 2256; x_wconf 90' lang='lat' dir='ltr'>deli-</span> 
     </span>
     <span class='ocr_line' id='line_1_13' title="bbox 357 2314 1219 2413; baseline 0.003 -27"><span class='ocrx_word' id='word_1_79' title='bbox 357 2329 532 2387; x_wconf 89' lang='lat' dir='ltr'>tescentem</span> <span class='ocrx_word' id='word_1_80' title='bbox 554 2315 701 2413; x_wconf 90' lang='lat' dir='ltr'>spirituali</span> <span class='ocrx_word' id='word_1_81' title='bbox 719 2315 820 2410; x_wconf 82' lang='lat' dir='ltr'>gladio</span> <span class='ocrx_word' id='word_1_82' title='bbox 837 2316 876 2386; x_wconf 88' lang='lat' dir='ltr'>ab</span> <span class='ocrx_word' id='word_1_83' title='bbox 893 2314 1027 2388; x_wconf 92' lang='lat' dir='ltr'>hostium</span> <span class='ocrx_word' id='word_1_84' title='bbox 1045 2317 1219 2389; x_wconf 86' lang='lat' dir='ltr'>incursione</span> 
     </span>
     <span class='ocr_line' id='line_1_14' title="bbox 357 2448 1221 2547; baseline -0.002 -25"><span class='ocrx_word' id='word_1_85' title='bbox 357 2450 510 2528; x_wconf 81' lang='lat' dir='ltr'>muniatis,</span> <span class='ocrx_word' id='word_1_86' title='bbox 524 2464 554 2520; x_wconf 88' lang='lat' dir='ltr'>et</span> <span class='ocrx_word' id='word_1_87' title='bbox 564 2450 660 2520; x_wconf 90' lang='lat' dir='ltr'>sacris</span> <span class='ocrx_word' id='word_1_88' title='bbox 672 2448 936 2520; x_wconf 85' lang='lat' dir='ltr'>exhortationihus</span> <span class='ocrx_word' id='word_1_89' title='bbox 949 2449 1063 2520; x_wconf 89' lang='lat' dir='ltr'>vestris</span> <span class='ocrx_word' id='word_1_90' title='bbox 1075 2463 1221 2547; x_wconf 91' lang='lat' dir='ltr'>tanquam</span> 
     </span>
     <span class='ocr_line' id='line_1_15' title="bbox 357 2581 1218 2678; baseline -0.001 -26"><span class='ocrx_word' id='word_1_91' title='bbox 357 2609 439 2653; x_wconf 91' lang='lat' dir='ltr'>novo</span> <span class='ocrx_word' id='word_1_92' title='bbox 457 2608 585 2653; x_wconf 89' lang='lat' dir='ltr'>vomere</span> <span class='ocrx_word' id='word_1_93' title='bbox 603 2582 715 2652; x_wconf 92' lang='lat' dir='ltr'>inculta</span> <span class='ocrx_word' id='word_1_94' title='bbox 732 2607 812 2651; x_wconf 82' lang='lat' dir='ltr'>meae</span> <span class='ocrx_word' id='word_1_95' title='bbox 834 2581 948 2652; x_wconf 91' lang='lat' dir='ltr'>mentis</span> <span class='ocrx_word' id='word_1_96' title='bbox 972 2594 1055 2651; x_wconf 90' lang='lat' dir='ltr'>terra</span> <span class='ocrx_word' id='word_1_97' title='bbox 1072 2581 1218 2678; x_wconf 90' lang='lat' dir='ltr'>proscin-</span> 
     </span>
     <span class='ocr_line' id='line_1_16' title="bbox 357 2710 1222 2807; baseline -0.002 -24"><span class='ocrx_word' id='word_1_98' title='bbox 357 2713 462 2796; x_wconf 86' lang='lat' dir='ltr'>datur,</span> <span class='ocrx_word' id='word_1_99' title='bbox 478 2713 559 2784; x_wconf 93' lang='lat' dir='ltr'>unde</span> <span class='ocrx_word' id='word_1_100' title='bbox 578 2712 615 2783; x_wconf 92' lang='lat' dir='ltr'>ad</span> <span class='ocrx_word' id='word_1_101' title='bbox 633 2713 794 2782; x_wconf 92' lang='lat' dir='ltr'>utilitatem</span> <span class='ocrx_word' id='word_1_102' title='bbox 808 2710 1002 2784; x_wconf 90' lang='lat' dir='ltr'>subditorum</span> <span class='ocrx_word' id='word_1_103' title='bbox 1021 2711 1137 2782; x_wconf 83' lang='lat' dir='ltr'>fructus</span> <span class='ocrx_word' id='word_1_104' title='bbox 1149 2713 1222 2807; x_wconf 88' lang='lat' dir='ltr'>jus—</span> 
     </span>
     <span class='ocr_line' id='line_1_17' title="bbox 357 2843 1221 2943; baseline -0.002 -27"><span class='ocrx_word' id='word_1_105' title='bbox 357 2846 431 2916; x_wconf 83' lang='lat' dir='ltr'>titiae</span> <span class='ocrx_word' id='word_1_106' title='bbox 444 2845 651 2943; x_wconf 87' lang='lat' dir='ltr'>multipliciter</span> <span class='ocrx_word' id='word_1_107' title='bbox 668 2845 800 2928; x_wconf 77' lang='lat' dir='ltr'>oriatur3</span> <span class='ocrx_word' id='word_1_108' title='bbox 818 2857 848 2914; x_wconf 85' lang='lat' dir='ltr'>et</span> <span class='ocrx_word' id='word_1_109' title='bbox 862 2844 940 2916; x_wconf 92' lang='lat' dir='ltr'>siout</span> <span class='ocrx_word' id='word_1_110' title='bbox 951 2843 1000 2914; x_wconf 91' lang='lat' dir='ltr'>hlo</span> <span class='ocrx_word' id='word_1_111' title='bbox 1014 2843 1044 2914; x_wconf 95' lang='lat' dir='ltr'>in</span> <span class='ocrx_word' id='word_1_112' title='bbox 1059 2857 1145 2914; x_wconf 86' lang='lat' dir='ltr'>sexta</span> <span class='ocrx_word' id='word_1_113' title='bbox 1162 2869 1221 2942; x_wconf 89' lang='lat' dir='ltr'>per</span> 
     </span>
     <span class='ocr_line' id='line_1_18' title="bbox 357 2977 1219 3074; baseline 0 -27"><span class='ocrx_word' id='word_1_114' title='bbox 357 2977 495 3048; x_wconf 87' lang='lat' dir='ltr'>laborem</span> <span class='ocrx_word' id='word_1_115' title='bbox 516 2977 706 3049; x_wconf 88' lang='lat' dir='ltr'>desudamus</span> <span class='ocrx_word' id='word_1_116' title='bbox 728 2991 760 3048; x_wconf 90' lang='lat' dir='ltr'>et</span> <span class='ocrx_word' id='word_1_117' title='bbox 778 2977 942 3074; x_wconf 88' lang='lat' dir='ltr'>septimam</span> <span class='ocrx_word' id='word_1_118' title='bbox 960 2988 1160 3073; x_wconf 85' lang='lat' dir='ltr'>expectamus</span> <span class='ocrx_word' id='word_1_119' title='bbox 1181 2977 1219 3047; x_wconf 93' lang='lat' dir='ltr'>ad</span> 
     </span>
     <span class='ocr_line' id='line_1_19' title="bbox 356 3109 1219 3208; baseline 0.001 -29"><span class='ocrx_word' id='word_1_120' title='bbox 356 3110 508 3207; x_wconf 91' lang='lat' dir='ltr'>requiem,</span> <span class='ocrx_word' id='word_1_121' title='bbox 536 3111 566 3180; x_wconf 96' lang='lat' dir='ltr'>in</span> <span class='ocrx_word' id='word_1_122' title='bbox 588 3123 696 3181; x_wconf 88' lang='lat' dir='ltr'>octava</span> <span class='ocrx_word' id='word_1_123' title='bbox 715 3123 818 3208; x_wconf 86' lang='lat' dir='ltr'>autem</span> <span class='ocrx_word' id='word_1_124' title='bbox 842 3122 874 3182; x_wconf 89' lang='lat' dir='ltr'>et</span> <span class='ocrx_word' id='word_1_125' title='bbox 895 3109 1035 3206; x_wconf 90' lang='lat' dir='ltr'>corporis</span> <span class='ocrx_word' id='word_1_126' title='bbox 1055 3123 1087 3178; x_wconf 95' lang='lat' dir='ltr'>et</span> <span class='ocrx_word' id='word_1_127' title='bbox 1108 3109 1219 3180; x_wconf 81' lang='lat' dir='ltr'>animae</span> 
     </span>
     <span class='ocr_line' id='line_1_20' title="bbox 357 3241 1218 3340; baseline -0.001 -29"><span class='ocrx_word' id='word_1_128' title='bbox 357 3242 522 3337; x_wconf 77' lang='lat' dir='ltr'>gloriosam</span> <span class='ocrx_word' id='word_1_129' title='bbox 550 3243 768 3340; x_wconf 85' lang='lat' dir='ltr'>praestolamur</span> <span class='ocrx_word' id='word_1_130' title='bbox 795 3241 1073 3324; x_wconf 82' lang='lat' dir='ltr'>resurrectionem,</span> <span class='ocrx_word' id='word_1_131' title='bbox 1105 3241 1149 3312; x_wconf 90' lang='lat' dir='ltr'>sic</span> <span class='ocrx_word' id='word_1_132' title='bbox 1179 3267 1218 3311; x_wconf 85' lang='lat' dir='ltr'>ex</span> 
     </span>
     <span class='ocr_line' id='line_1_21' title="bbox 356 3372 1219 3446; baseline 0.001 -4"><span class='ocrx_word' id='word_1_133' title='bbox 356 3372 413 3443; x_wconf 90' lang='lat' dir='ltr'>hac</span> <span class='ocrx_word' id='word_1_134' title='bbox 434 3373 561 3444; x_wconf 88' lang='lat' dir='ltr'>materia</span> <span class='ocrx_word' id='word_1_135' title='bbox 583 3374 623 3445; x_wconf 87' lang='lat' dir='ltr'>dc</span> <span class='ocrx_word' id='word_1_136' title='bbox 645 3375 730 3444; x_wconf 86' lang='lat' dir='ltr'>sonte</span> <span class='ocrx_word' id='word_1_137' title='bbox 749 3374 885 3446; x_wconf 86' lang='lat' dir='ltr'>scientiae</span> <span class='ocrx_word' id='word_1_138' title='bbox 904 3387 1009 3444; x_wconf 90' lang='lat' dir='ltr'>vestra</span> <span class='ocrx_word' id='word_1_139' title='bbox 1027 3399 1106 3443; x_wconf 83' lang='lat' dir='ltr'>nova</span> <span class='ocrx_word' id='word_1_140' title='bbox 1125 3373 1219 3443; x_wconf 89' lang='lat' dir='ltr'>imbui</span> 
     </span>
     <span class='ocr_line' id='line_1_22' title="bbox 355 3505 1219 3606; baseline 0 -31"><span class='ocrx_word' id='word_1_141' title='bbox 355 3505 529 3601; x_wconf 85' lang='lat' dir='ltr'>llagitamus</span> <span class='ocrx_word' id='word_1_142' title='bbox 540 3506 708 3606; x_wconf 85' lang='lat' dir='ltr'>disciplina,</span> <span class='ocrx_word' id='word_1_143' title='bbox 723 3506 805 3577; x_wconf 92' lang='lat' dir='ltr'>unde</span> <span class='ocrx_word' id='word_1_144' title='bbox 819 3505 933 3578; x_wconf 90' lang='lat' dir='ltr'>mentis</span> <span class='ocrx_word' id='word_1_145' title='bbox 944 3517 1061 3576; x_wconf 87' lang='lat' dir='ltr'>nostrae</span> <span class='ocrx_word' id='word_1_146' title='bbox 1076 3530 1219 3603; x_wconf 81' lang='lat' dir='ltr'>supernae¹</span> 
     </span>
     <span class='ocr_line' id='line_1_23' title="bbox 355 3635 1220 3735; baseline 0 -29"><span class='ocrx_word' id='word_1_147' title='bbox 355 3635 526 3707; x_wconf 92' lang='lat' dir='ltr'>dulcedinis</span> <span class='ocrx_word' id='word_1_148' title='bbox 540 3637 662 3708; x_wconf 90' lang='lat' dir='ltr'>haurire</span> <span class='ocrx_word' id='word_1_149' title='bbox 675 3637 872 3735; x_wconf 75' lang='lat' dir='ltr'>&#39;praevaleant</span> <span class='ocrx_word' id='word_1_150' title='bbox 889 3635 1095 3708; x_wconf 88' lang='lat' dir='ltr'>condimenta.</span> <span class='ocrx_word' id='word_1_151' title='bbox 1148 3638 1220 3707; x_wconf 87' lang='lat' dir='ltr'>Ru-</span> 
     </span>
     <span class='ocr_line' id='line_1_24' title="bbox 355 3766 1220 3865; baseline 0.001 -30"><span class='ocrx_word' id='word_1_152' title='bbox 355 3766 402 3836; x_wconf 89' lang='lat' dir='ltr'>dis</span> <span class='ocrx_word' id='word_1_153' title='bbox 428 3767 511 3836; x_wconf 92' lang='lat' dir='ltr'>enim</span> <span class='ocrx_word' id='word_1_154' title='bbox 532 3767 621 3838; x_wconf 89' lang='lat' dir='ltr'>miles</span> <span class='ocrx_word' id='word_1_155' title='bbox 645 3783 676 3837; x_wconf 88' lang='lat' dir='ltr'>et</span> <span class='ocrx_word' id='word_1_156' title='bbox 698 3767 758 3838; x_wconf 88' lang='lat' dir='ltr'>dux</span> <span class='ocrx_word' id='word_1_157' title='bbox 781 3768 1002 3865; x_wconf 89' lang='lat' dir='ltr'>incompositus</span> <span class='ocrx_word' id='word_1_158' title='bbox 1032 3767 1130 3836; x_wconf 91' lang='lat' dir='ltr'>nescit</span> <span class='ocrx_word' id='word_1_159' title='bbox 1152 3767 1220 3836; x_wconf 90' lang='lat' dir='ltr'>sinc</span> 
     </span>
    </p>
   </div>
   <div class='ocr_carea' id='block_1_6' title="bbox 354 3897 1218 3984">
    <p class='ocr_par' dir='ltr' id='par_1_6' title="bbox 354 3897 1218 3984">
     <span class='ocr_line' id='line_1_25' title="bbox 354 3897 1218 3984; baseline 0.002 -16"><span class='ocrx_word' id='word_1_160' title='bbox 354 3898 432 3969; x_wconf 90' lang='lat' dir='ltr'>duee</span> <span class='ocrx_word' id='word_1_161' title='bbox 459 3897 569 3969; x_wconf 91' lang='lat' dir='ltr'>ductor</span> <span class='ocrx_word' id='word_1_162' title='bbox 596 3901 749 3984; x_wconf 82' lang='lat' dir='ltr'>existere,</span> <span class='ocrx_word' id='word_1_163' title='bbox 775 3926 833 3972; x_wconf 92' lang='lat' dir='ltr'>nec</span> <span class='ocrx_word' id='word_1_164' title='bbox 860 3901 925 3970; x_wconf 82' lang='lat' dir='ltr'>sine</span> <span class='ocrx_word' id='word_1_165' title='bbox 950 3899 1078 3970; x_wconf 88' lang='lat' dir='ltr'>doctore</span> <span class='ocrx_word' id='word_1_166' title='bbox 1104 3900 1218 3970; x_wconf 78' lang='lat' dir='ltr'>militiae</span> 
     </span>
    </p>
   </div>
   <div class='ocr_carea' id='block_1_7' title="bbox 0 0 1510 5040">
    <p class='ocr_par' dir='ltr' id='par_1_7' title="bbox 0 0 1510 5040">
     <span class='ocr_line' id='line_1_26' title="bbox 0 0 1510 5040; baseline 0 1"><span class='ocrx_word' id='word_1_167' title='bbox 0 0 1510 5040; x_wconf 95' lang='lat' dir='ltr'> </span> 
     </span>
    </p>
   </div>
  </div>
 </body>
</html>
