3038 5036
441 741 553 790 osonnrr
571 743 606 790 ns
624 745 715 790 crim
733 743 879 792 nrrsrons.
1022 727 1083 794 llll

231 899 352 982 laverit,
367 900 523 998 quomodo
537 927 686 1000 sponsum
705 929 794 975 suum
808 905 1005 976 Valerianum
1020 931 1091 977 oum

230 1033 367 1104 Tiburtio
385 1034 480 1106 lratre
501 1062 558 1108 suo
577 1037 730 1108 convertit
747 1037 785 1108 ad
804 1037 909 1122 fidem,
932 1065 1023 1137 quam
1041 1040 1092 1110 vi-

231 1163 294 1234 rilis
308 1164 399 1234 animi
417 1167 589 1237 constantia
609 1167 821 1264 evangelicam
834 1169 993 1242 intonabat
1004 1171 1092 1241 veri-

230 1307 336 1366 tatem.
397 1297 513 1394 Legisti
546 1297 639 1368 etiam
673 1311 788 1396 quanto
818 1301 944 1398 superni
977 1303 1092 1372 amoris

228 1428 341 1500 ardore
373 1430 499 1500 beatum
528 1430 705 1528 pontificem
736 1431 884 1529 diligebat
910 1435 1087 1520 Urbanum,

227 1560 315 1655 enjus
324 1559 444 1632 vultum
457 1560 603 1632 fratribus
618 1561 754 1632 ostendit
766 1563 951 1658 angelicum,
967 1577 999 1634 et
1012 1590 1090 1662 quos

229 1689 352 1762 Christo
368 1691 480 1762 lucrari
492 1704 625 1789 poterat,
642 1717 700 1789 per
713 1717 785 1762 eum
802 1694 973 1792 baptizatos
990 1708 1090 1766 trans-

230 1824 372 1896 mittebat
388 1824 428 1895 ad
442 1824 566 1896 coelnm.
620 1827 697 1896 Haeo
714 1839 786 1896 sunt
801 1826 995 1924 praedioanda
1012 1829 1090 1899 insi-

230 1958 333 2052 gniter
345 1957 424 2030 illius
437 1957 625 2029 admirabilis
639 1958 774 2031 loeminae
788 1985 894 2058 opera,
903 1985 978 2058 ‘quae
992 1961 1091 2032 loemi-

229 2116 320 2161 neam
330 2104 469 2162 mentem
478 2117 540 2162 non
551 2091 680 2189 spirant,
693 2091 749 2162 sed
758 2091 877 2163 virilem
888 2095 1091 2165 constantiam

225 2224 260 2293 in
281 2221 360 2294 illius
384 2222 547 2294 redoleant
569 2222 723 2294 libertate.
785 2224 902 2296 Idcirco
927 2225 1033 2324 utique
1059 2240 1090 2296 et
1121 2209 1124 2215 ¹

227 2369 293 2426 tota
307 2382 400 2454 supra
417 2355 576 2426 loeminam
593 2369 653 2438 est,
670 2369 702 2426 et
715 2381 772 2453 per
789 2381 859 2428 eam
878 2356 1007 2428 edoctus
1024 2358 1090 2428 rni-

230 2513 301 2559 nam
335 2513 430 2559 sexus
461 2499 566 2586 potest
594 2487 692 2558 vitare
721 2487 895 2560 loeminens.
961 2491 1028 2560 Hoc
1058 2504 1089 2560 te

228 2621 384 2693 instruere
398 2646 484 2692 saera
498 2619 650 2718 scriptura
663 2619 798 2691 loeminae
810 2621 935 2692 virtutis
947 2623 1089 2720 exempla

227 2779 292 2823 non
313 2751 437 2836 desinit,
462 2766 496 2823 ut
519 2777 591 2824 cum
612 2751 728 2824 sanetis
751 2751 827 2822 viris
851 2751 1030 2824 familiarem
1058 2768 1090 2824 et

227 2883 404 2981 religiosam
419 2882 521 2981 parias
537 2881 711 2965 amicitiam,
728 2881 806 2952 sient
818 2907 889 2954 cum
902 2882 995 2953 beato
1012 2911 1089 2982 papa

229 3017 358 3087 Urbano
375 3015 529 3111 virginem
546 3015 709 3113 peperisse
726 3013 804 3110 legis
821 3013 997 3110 gloriosam.

254 3219 299 3287 DE
326 3243 497 3289 INCORRUPTA
527 3242 713 3288 VlRGllllTATlS
740 3241 843 3287 otontn
873 3241 926 3286 PER
953 3242 1065 3288 onnrttt

285 3351 497 3420 Eruntnnttontt
513 3373 609 3419 secors
621 3373 778 3418 vlnoflttnus
796 3372 1030 3418 EXEMPllFlCATA.

277 3549 411 3621 Plurima
426 3549 513 3644 large
531 3547 606 3618 satis
619 3545 658 3619 ad
670 3571 796 3618 manum
808 3545 964 3616 habemus
977 3570 1089 3617 exem—

229 3681 289 3779 pla,
302 3707 383 3779 qnae,
397 3681 422 3750 si
433 3691 654 3777 repeterentur
664 3702 722 3776 per
732 3676 862 3772 singula,
874 3703 937 3747 non
946 3677 1086 3775 epistola,

227 3812 286 3883 sed
302 3811 419 3910 prolixa
436 3809 589 3881 volumina
607 3807 807 3880 cuderentur.
860 3810 978 3878 Tamen
995 3808 1087 3878 silere

227 3943 282 4014 tibi
305 3968 364 4014 nee
386 3941 485 4013 audeo
513 3965 571 4011 nee
600 3939 702 4012 debeo
729 3937 886 4038 quomodo
910 3938 1087 4011 beatissima
