3038 5036
458 734 570 779 ostoun
589 734 624 780 uu
642 734 733 780 cmm
751 735 897 781 urrsroun.
1039 713 1109 780 t83

250 915 313 972 sus,
331 914 389 962 nec
402 891 474 962 volo
488 917 546 964 nec
557 892 670 977 debeo,
687 893 816 964 fratrem
831 893 986 992 quendam
998 883 1113 964 hones-

249 1021 1109 1122 tatisegregiae,nepotemvidelicetRobertifiliiNoelis,
1204 1033 1208 1044 “

249 1151 287 1222 ad
301 1178 359 1223 nos
376 1153 538 1252 aliquoties
548 1155 725 1239 advenisse,
745 1156 795 1252 qui
809 1155 899 1227 nobis
913 1155 1069 1226 multoties
1081 1155 1111 1224 in

249 1282 406 1355 bominum
430 1300 607 1358 nostrorum
631 1300 663 1358 et
684 1287 838 1385 pecudum
859 1288 1011 1385 captione,
1037 1286 1110 1358 dum

248 1415 374 1512 spiritus
404 1417 518 1488 luroris
545 1417 809 1501 debaccharetur,
839 1417 869 1487 in
891 1418 988 1514 patria
1010 1415 1111 1487 fidelis

247 1545 363 1618 amicus
376 1547 504 1632 adstitit,
518 1563 550 1618 et
563 1549 758 1645 frequenter,
770 1573 841 1619 cum
855 1549 947 1620 etiam
960 1550 1006 1620 sui
1020 1549 1109 1646 peri-

246 1679 325 1764 culo,
350 1705 420 1778 quae
442 1681 564 1752 lucrant
584 1681 683 1752 ablata
712 1708 775 1751 non
798 1681 864 1752 sine
889 1681 975 1778 gravi
993 1679 1107 1751 sudore

246 1812 435 1908 perquisivit.
489 1815 592 1898 Quum
612 1813 642 1884 iu
664 1815 810 1912 Hispania
832 1815 881 1885 vel
908 1815 939 1884 in
959 1813 1106 1884 Hibernia

245 1972 302 2042 pro
325 1971 432 2016 amore
456 1948 703 2044 consanguineo,
729 1950 754 2018 si
780 1947 864 2019 illum
890 1947 971 2016 inter
996 1961 1107 2041 gentes

245 2087 370 2147 exteras
395 2102 578 2162 cernerem,
604 2076 714 2148 eadem
739 2091 884 2174 tanquam
909 2075 1105 2173 mihimetipsi

243 2233 300 2304 pro
317 2222 460 2307 tempore
478 2210 559 2280 bona
578 2209 778 2280 cumularem.
833 2208 910 2279 Huic
927 2208 1029 2303 itaque
1046 2233 1104 2278 nec

243 2367 356 2414 novum
369 2341 580 2440 superaddere
594 2340 783 2413 intendimus
795 2341 945 2424 habitum,
957 2339 1102 2437 quodque

242 2476 373 2547 credere
391 2503 453 2548 non
471 2476 604 2559 debetis,
624 2475 705 2547 baud
722 2487 880 2546 certamus
896 2473 1020 2545 aulerre
1036 2471 1102 2544 diu-

243 2608 302 2679 tius
326 2608 482 2680 usitatum.
535 2611 583 2678 De
607 2607 658 2676 illo
686 2606 792 2676 nescio
817 2605 875 2676 nisi
902 2605 985 2702 quod
1011 2605 1101 2675 nobis

242 2741 355 2825 retulit,
374 2739 456 2839 quod
474 2741 541 2811 sine
558 2740 669 2811 litteris
689 2739 810 2811 abbatis
831 2738 876 2810 sui
898 2734 1101 2808 commenda-

241 2872 313 2944 titiis
338 2886 371 2944 et
390 2872 511 2944 licentia
531 2872 668 2968 regulari
690 2871 762 2942 nibil
788 2896 901 2941 nouum
922 2867 1094 2940 attentabit.

240 3007 287 3075 De
305 3019 420 3076 caetero
437 3016 544 3077 notum
559 3017 608 3075 est
622 3003 711 3075 vobis
724 3002 819 3101 quod,
835 3002 919 3073 salva
932 3001 1028 3072 sancti
1045 3027 1098 3098 pa-

189 3115 197 3126 .
240 3137 296 3208 tris
309 3137 468 3210 benedicti
482 3137 600 3234 regula,
619 3138 690 3208 licet
701 3136 820 3209 cunctis
837 3135 889 3233 qui
905 3134 1054 3233 aliquibus
1066 3135 1096 3204 in

240 3268 379 3354 ecclesiis
387 3269 445 3341 Dei
457 3269 656 3366 dignitatibus
666 3268 883 3367 praeminent,
899 3281 931 3338 et
941 3266 1097 3362 religionis

239 3400 333 3485 viros,
354 3402 432 3472 sicut
443 3401 630 3499 praedictum
648 3413 708 3484 est,
725 3400 906 3495 'gradientes
923 3398 1094 3496 suscipere,

238 3533 338 3630 etqui
356 3533 413 3605 sibi
429 3533 694 3629 consanguinitate
707 3532 804 3629 juncti
822 3544 903 3616 sunt,
919 3532 949 3601 in
968 3531 1095 3602 lratrem

239 3663 447 3734 misericordia
467 3663 642 3735 familiarius
662 3663 787 3734 caeteris
805 3663 973 3746 extraneis,
994 3688 1096 3761 quan-

238 3809 301 3865 tum
321 3795 378 3866 sibi
391 3795 552 3892 placuerit,
570 3794 716 3864 retinere.
769 3793 873 3864 Nolite
886 3793 1000 3891 itaque,
1016 3793 1094 3865 sicut

236 3929 308 4001 dicit
321 3928 500 4028 Apostolus,
516 3929 598 3999 omni
616 3928 734 4026 spiritui
750 3928 892 4012 credere,
908 3953 966 4025 per
979 3927 1090 4023 quoda
