3012 5040
392 697 437 768 dl
602 723 739 769 rrrsrotrr
752 723 887 770 uramara
900 725 1034 772 rosanus.

389 895 492 980 potest
520 905 705 980 permanere
736 894 806 978 post
841 906 985 954 occasum
1015 883 1108 958 solis.
1141 886 1250 980 etqui

390 1013 502 1084 malum
527 1039 583 1110 pro
613 1011 693 1083 malo
717 1010 853 1082 reddere
883 1037 945 1084 non
973 1013 1063 1086 solet.
1116 1015 1251 1086 Oramus

389 1143 524 1242 quotidie
553 1170 611 1242 pro
642 1142 758 1216 nostris
784 1159 815 1214 et
837 1143 940 1242 populi
969 1146 1105 1242 peccatis
1139 1174 1145 1215 :
1184 1145 1250 1216 Sed

389 1276 507 1348 dimitte
540 1275 655 1348 nostris
689 1273 883 1348 debitoribus
915 1275 1037 1360 debita,
1070 1291 1102 1348 et
1131 1276 1251 1348 dimitte

389 1409 479 1480 nobis
500 1408 605 1481 debita
629 1421 747 1492 nostra,
774 1407 852 1480 sicut
870 1422 902 1479 et
919 1434 977 1480 nos
994 1407 1173 1481 dimittimus
1189 1408 1251 1481 de-

388 1541 538 1613 bitoribus
556 1540 681 1612 nostris.
725 1539 856 1644 Principi
881 1541 1092 1638 apostolorum
1108 1541 1250 1612 interro-

389 1673 472 1770 ganti
492 1674 517 1745 si
535 1673 676 1772 peccanti
695 1672 725 1743 in
745 1698 781 1743 se
798 1670 969 1743 dimitteret
993 1697 1093 1769 usque
1113 1673 1248 1772 septieS,

388 1806 510 1876 Veritas
520 1803 681 1902 respondit
694 1831 700 1872 :
715 1805 786 1873 Non
797 1801 865 1873 dico
880 1801 933 1874 tibi
944 1803 1073 1902 septies,
1085 1803 1141 1875 sed
1150 1829 1250 1900 usque

390 1937 566 2034 septuagies
578 1935 705 2033 septies.
735 1935 824 2005 Hanc
837 1935 941 2030 legem
955 1935 1078 2006 Veritas
1092 1935 1156 2007 suis
1167 1935 1251 2006 sub-

389 2067 582 2139 secutoribus
595 2066 812 2165 promulgavit,
831 2091 958 2165 suaeque
972 2067 1002 2138 in
1016 2067 1144 2139 articulo
1161 2093 1251 2138 mor—

390 2201 429 2271 tis
450 2199 640 2272 memorabili
660 2199 804 2298 exemplo
821 2199 1032 2284 confirmavit,
1052 2199 1093 2271 ita
1111 2199 1175 2271 suis
1191 2225 1250 2298 pro

388 2331 642 2403 interfectoribus
662 2330 835 2429 deprecans
858 2358 872 2398 :·
889 2332 998 2414 Pater,
1026 2328 1145 2402 dimitte
1167 2329 1247 2416 illis,

389 2489 451 2535 non
472 2463 554 2534 enim
568 2464 668 2536 sciunt
682 2461 755 2561 quid
769 2462 892 2534 faciunt.
945 2463 991 2534 lta
1012 2474 1045 2533 et
1065 2477 1160 2547 tuam,
1180 2463 1250 2534 cle-

388 2595 581 2668 mentissime
605 2609 705 2694 pater,
726 2593 840 2666 nemini
857 2593 1018 2692 poenitenti
1034 2608 1066 2665 ct
1080 2593 1249 2666 confidenti

388 2741 479 2828 potes
502 2728 610 2824 negari
632 2727 871 2824 indulgentiam,
895 2728 982 2824 cujus
1005 2726 1096 2800 officii
1118 2740 1168 2799 est
1189 2753 1249 2827 pro

388 2859 562 2932 commissis
574 2859 683 2931 ovibus
700 2858 883 2958 impendere
901 2859 1034 2930 animam
1052 2873 1146 2932 tuam.
1175 2862 1248 2931 Non

387 2995 509 3095 praebet
535 2993 721 3093 percutienti
750 2993 878 3066 alteram
903 2992 1045 3065 dextram
1074 2993 1246 3078 maxillam,

388 3129 439 3227 qui
461 3126 621 3199 insatiabili
642 3125 713 3198 odio
732 3126 911 3225 exsequitur
929 3152 1053 3197 suarum
1069 3125 1248 3223 injuriarum

386 3259 544 3332 ultionem.
594 3257 693 3332 Judex
711 3283 858 3357 nequam,
874 3258 905 3329 in
921 3257 1104 3354 Evangelio,
1121 3256 1172 3355 qui
1185 3253 1248 3327 ho-

314 3437 318 3444 ·
387 3392 503 3464 minem
521 3417 584 3463 non
606 3390 735 3463 timebat
756 3403 789 3463 et
810 3393 910 3462 Deum
934 3415 997 3462 non
1018 3389 1245 3492 venerebatur,

385 3524 486 3596 victus
512 3522 605 3596 taedio
637 3521 739 3596 viduae
770 3521 921 3620 justiciam
950 3521 1037 3606 lecit,
1066 3547 1106 3594 ne
1133 3527 1247 3593 itemm

385 3655 516 3727 veniens
538 3654 686 3751 sigillaret
713 3679 802 3739 eum;
829 3667 861 3724 et
886 3654 1102 3726 somnolentus
1129 3652 1247 3724 amicus

384 3787 485 3859 media
502 3799 593 3860 nocte
611 3801 739 3886 propter
754 3787 986 3884 improbitatem
1000 3785 1151 3885 pulsantis
1169 3811 1246 3854 sur—

385 3920 476 4003 rexit,
505 3933 537 3990 et
561 3918 645 3989 dedit
671 3919 711 3989 illi
733 3943 830 4016 panes
853 3932 1004 4017 quotquot
1023 3917 1155 3988 habebat
1181 3942 1246 3986 ne-
