3038 5036
340 743 441 790 riuum
460 742 565 788 rmoms
583 742 798 788 caurummnsrs
817 742 965 788 arrsrora.
1021 720 1083 790 tat

230 898 384 996 quoddam
406 922 477 968 esse
499 897 678 968 vestiarium
702 897 890 982 animarum,
912 898 963 968 ubi
981 898 1097 968 animan

231 1031 344 1102 saeculo
366 1029 595 1112 renuntiantes
620 1028 796 1100 vestiuntur
820 1042 852 1099 et
876 1029 1035 1114 ornantur,
1060 1043 1092 1099 ut

231 1163 270 1234 ad
296 1188 465 1261 supernum
486 1162 582 1232 altare
608 1161 701 1258 digne
726 1161 875 1234 accedere
900 1176 1089 1234 mereantur.

233 1297 313 1366 Nam
330 1295 408 1365 sicut
425 1293 572 1365 sacerdos
588 1293 627 1364 ad
642 1294 738 1364 altare
754 1309 817 1364 non
831 1295 991 1391 praesumit
1007 1320 1094 1366 acce·

233 1428 326 1512 dere,
355 1441 389 1498 ut
411 1427 552 1498 conficiat
577 1453 690 1525 corpus
717 1427 846 1512 Christi,
874 1428 930 1498 nisi
953 1429 1094 1499 vestibus

234 1561 335 1632 eidem
359 1561 530 1632 ministerio
555 1562 702 1658 congruis
729 1561 819 1632 luerit
849 1561 1024 1646 redimituS,
1054 1563 1094 1632 ita

234 1692 365 1763 humana
388 1692 487 1762 anima
512 1692 619 1788 gloriae
642 1692 720 1762 illius
746 1693 886 1764 sublimis
907 1693 1009 1764 altaris
1031 1719 1093 1764 non

234 1827 316 1897 valet
339 1826 498 1911 assistere,
526 1826 583 1897 nisi
611 1826 712 1922 dignis
734 1827 881 1898 virtutum
905 1830 1095 1899 ornamentis

235 1961 327 2032 luerit
342 1960 487 2032 decorata
492 2020 990 2032 .........
990 1985 994 1996 ’
1044 1963 1095 2034 Ad

233 2092 457 2190 frequentanda
479 2092 571 2188 igitur
595 2093 760 2164 missarum
780 2093 931 2178 solennia,
958 2095 1037 2180 haec,
1063 2109 1096 2168 ut

235 2228 424 2326 simplicibus
444 2227 552 2298 verbis
575 2227 798 2326 exprimantur,
823 2229 1001 2300 necessario
1024 2242 1096 2298 sunt

234 2360 377 2432 habenda
395 2387 401 2429 :
417 2361 547 2432 amictus
564 2360 722 2444 videlicet,
742 2360 822 2445 alba,
846 2362 1012 2457 cingulum,
1032 2389 1096 2432 ma-

236 2494 369 2592 nipulnS,
390 2494 478 2579 stola,
506 2494 619 2565 casula.
674 2493 748 2564 Sine
766 2493 814 2565 his
830 2494 1024 2565 vestimentis
1042 2521 1096 2564 sa-

235 2625 349 2698 cerdos
365 2625 492 2696 missam
510 2653 571 2698 non
589 2626 729 2698 celebrat
733 2685 1091 2696 .......

234 2758 337 2830 Primo
360 2758 462 2856 itaque
486 2757 655 2829 notandum
673 2759 742 2856 quia
764 2759 923 2842 sacerdos,
944 2758 992 2829 his
1016 2785 1095 2828 oro-

235 2892 345 2963 nandis
361 2893 514 2976 vestibus,
531 2893 561 2963 in
574 2893 682 2991 primis
695 2894 839 2964 amictum
853 2893 942 2992 capiti
955 2893 1093 2990 imponit,

233 3025 347 3097 deinde
371 3026 472 3097 albam
495 3025 704 3124 superinduit,
732 3053 824 3124 quam
847 3026 950 3096 statim
974 3025 1096 3121 cingulo

159 3247 163 3252 ,
235 3157 358 3254 stringit
387 3215 899 3228 .........
952 3189 965 3226 ·.
1023 3216 1028 3226 .
1087 3217 1092 3226 .

234 3303 305 3388 post
317 3290 472 3386 cingulum
483 3290 655 3388 manipulus
668 3291 809 3374 sumitur,
826 3316 988 3389 perquem
1001 3316 1095 3388 opera

234 3423 314 3493 bona
332 3421 533 3516 designantur
537 3479 1091 3492 ..........

281 3556 329 3624 Ne
346 3569 450 3626 autem
470 3579 564 3652 opera
588 3556 668 3625 bona
694 3555 914 3627 murmurando
932 3555 1090 3626 faciamus

234 3685 311 3756 stola
325 3685 523 3782 jocunditatis
541 3685 695 3782 manipulo
713 3701 762 3756 est
780 3685 964 3756 socianda.
1021 3743 1026 3754 .
1084 3743 1089 3753 .

284 3819 339 3890 His
356 3845 433 3890 vero
455 3819 643 3890 indumentis
663 3821 806 3890 omnibus
823 3820 926 3891 casula
945 3845 1096 3917 superpo-

235 3952 326 4035 nitur,
348 3968 380 4024 ut
397 3953 434 4025 ad
454 3967 595 4024 ornatum
613 3953 770 4026 charitatis
785 3953 885 4025 omnia
904 3953 1089 4024 referantur.
