3038 5036
785 715 877 762 notul

600 875 665 924 llud
679 873 784 926 lerieho
797 877 910 924 ruerunt

599 972 720 1022 Bucelnae
729 972 791 1022 dum
803 976 959 1028 sonuerunt,

600 1072 684 1128 Quum
694 1071 781 1122 levitae
790 1073 937 1123 circuibant

601 1170 803 1234 sacerdotesque
813 1171 952 1236 pnaeihan13

600 1267 640 1318 Sic
652 1269 792 1320 Pontifices
804 1274 926 1334 egerunt,

599 1368 648 1426 Qui
659 1368 691 1418 de
700 1380 764 1432 pace
777 1371 967 1420 tractaverunt.

599 1469 653 1517 lloc
666 1467 778 1517 consilio
789 1471 908 1531 potentes

597 1564 719 1616 Crudeles
728 1568 845 1616 stravere
854 1570 957 1630 gentes,

598 1666 715 1722 Quorum
727 1670 888 1716 conruerunt
897 1668 965 1716 muni

599 1767 628 1813 ln
639 1767 767 1814 aetennum
779 1766 900 1829 perituri.

598 1863 697 1924 Vincit,
709 1866 803 1926 regnat
811 1864 837 1912 in
851 1867 876 1914 tc
888 1867 965 1920 lteus.

600 1964 768 2024 ltnperatque
782 1963 878 2026 plastes
890 1978 973 2015 meus.

598 2062 676 2112 vivas
688 2075 753 2126 ergo
764 2063 821 2114 sine
833 2063 895 2125 fine,

595 2162 660 2219 Quia
674 2175 725 2211 non
740 2175 788 2213 nos
801 2166 901 2214 tenuent
910 2165 998 2226 mlnae,

598 2265 649 2312 Nee
661 2262 779 2326 ingluvie
792 2267 928 2328 captorum

597 2363 680 2410 vorat
690 2373 762 2412 escas
774 2363 963 2426 orphanorum.

597 2467 734 2527 sceptrum
744 2465 998 2527 regniconsequunls

596 2565 740 2625 ueatusque
752 2564 875 2627 princeps
884 2565 946 2621 eris,

595 2663 679 2719 Quum
691 2662 717 2711 in
730 2663 828 2712 vertice
837 2675 958 2726 sttpnema

594 2760 682 2822 ningit
696 2763 774 2823 caput
788 2759 916 2811 diadema.

595 2861 668 2909 Tunc
680 2858 842 2922 applaudent
850 2860 908 2911 eoeli
917 2861 996 2921 cives,

595 2958 704 3010 Plaudet
713 2972 824 3023 pauloet,
837 2960 943 3022 plaudet
954 2959 1035 3019 dives,

595 3062 681 3120 Teque
690 3063 811 3110 sanctum
824 3059 913 3110 dicent
924 3073 1013 3124 regem

594 3159 945 3222 Quiseetantunlteilegem.

594 3261 676 3321 Reges
687 3259 915 3320 Jerusolymorum

592 3361 627 3408 Te
639 3357 817 3410 condecorant
828 3359 961 3412 decorum.

593 3456 641 3507 Tui
653 3459 763 3520 patruus
773 3461 799 3508 et
810 3471 874 3510 avus

592 3555 692 3615 ontibus
702 3555 772 3606 cedit
780 3557 890 3618 quisque
899 3569 1009 3624 pravus3

591 3659 667 3705 Fama
682 3657 760 3704 sonat
772 3654 848 3705 laude
862 3655 940 3711 bona,

590 3757 669 3817 Capta
682 3753 752 3815 quod
764 3754 798 3804 sit
808 3755 944 3821 Ascalona3

589 3851 757 3914 Babylonque
767 3852 945 3904 contundetur

590 3954 619 4001 Et
632 3954 773 4002 damascus
784 3953 902 4016 capietur
