3050 5040
486 724 623 768 nrrsroin
640 725 922 770 nnnannrrnosmon.
1087 703 1123 769 ll

272 883 371 980 puniri
385 885 635 958 recordarentur.
690 890 729 957 Et
743 887 813 958 vide
829 888 941 959 subtile
961 913 1136 958 sacramen-

273 1029 338 1086 tum
352 1041 409 1086 :eo
423 1030 565 1116 tempore
578 1019 762 1116 protelatam
780 1045 851 1090 esse
866 1021 1014 1090 ultionem
1027 1021 1135 1091 incesti

274 1173 416 1219 sororum
433 1175 503 1220 cum
521 1164 609 1248 patre
631 1151 866 1248 impudicarum,
886 1178 948 1250 quo
971 1153 1137 1251 praedictas

272 1280 368 1350 urbes
382 1281 629 1379 incomparabilis
640 1282 868 1354 animadversio
886 1285 1038 1356 subvertit
1050 1285 1136 1356 exei-

271 1411 323 1496 dii,
341 1427 374 1484 ut
386 1414 539 1511 intelligas
550 1417 1055 1514 omnepeecatumesseminnseo
1064 1441 1134 1514 pec-

271 1557 341 1615 eato
350 1572 411 1644 quo
420 1527 653 1643 conflagrabant
661 1548 731 1634 illae,
744 1549 924 1632 nonurbes‚
937 1549 961 1618 si
972 1548 1050 1643 (sed)
1062 1547 1135 1618 olli-

269 1677 350 1749 einae
363 1692 604 1776 praenotatorum
616 1681 849 1778 turpitudinum.
866 1683 960 1752 Certe
979 1680 1134 1776 originalis

271 1809 417 1894 mundus,
440 1811 499 1880 etsi
519 1811 587 1907 ejus
605 1811 808 1882 intolerabilia
824 1811 911 1882 luere
929 1810 1051 1895 delicta,
1072 1837 1134 1882 non

271 1953 392 2012 tantum
415 1954 463 2011 est
485 1941 670 2012 submersus
696 1955 845 2039 quantum
869 1955 918 2012 est
938 1943 1072 2026 ablutus
1096 1945 1135 2012 'et

269 2072 330 2142 illis
360 2072 556 2169 originalibus
586 2073 713 2144 maculis
754 2074 851 2144 nostri
882 2073 981 2170 ligura
1023 2075 1134 2169 lauacri

272 2204 401 2274 emersit
412 2205 591 2302 baptizatus.
630 2207 704 2276 Post
717 2206 966 2304 illa‚inquam‚et
978 2206 1135 2302 originalia

272 2349 413 2434 peecata,
434 2351 466 2408 et
488 2338 575 2408 velut
597 2338 754 2434 originalia
777 2339 938 2436 supplicia,
966 2352 1050 2409 terra
1072 2338 1135 2408 soe-

272 2470 372 2542 cunda
390 2471 545 2568 apparuit3
573 2472 684 2543 vestita
710 2485 758 2542 est
775 2471 899 2555 herbiS,
922 2471 1057 2541 colorata
1085 2486 1134 2541 est

272 2601 412 2685 floribus
427 2603 543 2673 variata
553 2615 601 2672 est
610 2601 775 2673 arboribus
788 2602 915 2699 suisque
929 2602 1066 2673 omnium
1080 2628 1134 2698 ge-

273 2759 384 2804 nerum
399 2735 517 2832 repleta
532 2748 581 2805 est
599 2734 791 2805 animalibus
845 2735 888 2804 At
900 2733 936 2804 iis
949 2733 979 2804 in
997 2734 1134 2806 insarno-

273 2865 403 2936 sissimis
418 2866 494 2936 loeis
512 2879 546 2938 ut
564 2866 653 2964 eulpa
666 2866 838 2950 horribilis,
857 2865 897 2936 ita
919 2879 950 2936 et
972 2890 1063 2964 poena
1080 2866 1134 2936 in-

272 2997 497 3097 comparabilis
526 2997 604 3068 adeo
627 3011 661 3068 ut
684 3024 745 3068 non
775 2997 817 3069 ibi
849 3009 943 3082 terra,
970 2997 1027 3067 sed
1047 2998 1134 3095 palus

272 3143 418 3228 appareat
444 3131 554 3230 stygia,
581 3131 693 3201 lethale
718 3131 875 3213 bitumen,
899 3129 1024 3200 noxium
1050 3130 1133 3200 omni

272 3263 428 3347 animanti,
445 3276 598 3334 tartareus
618 3263 721 3347 loetor,
738 3261 893 3359 singulare
907 3261 1023 3333 malum
1039 3288 1134 3360 snper

272 3411 397 3467 terram.
440 3399 557 3467 Harum
566 3395 657 3491 igitur
667 3394 875 3490 elegationum
885 3394 1004 3490 prolata
1014 3418 1133 3464 neees-

272 3529 360 3598 sitate
378 3528 515 3626 prudens
532 3528 651 3624 calligat
668 3527 799 3611 animus,
812 3538 964 3624 quantum
974 3524 1133 3596 oboriatur

270 3660 441 3758 perieulum
459 3685 495 3730 ea
521 3660 552 3730 in
578 3659 692 3730 sanetis
720 3683 871 3729 renovare
894 3656 1034 3728 eeclesiis
1058 3682 1130 3753 quae

270 3804 378 3862 noster
416 3793 556 3862 Salvator
592 3793 622 3862 in
658 3791 795 3890 prolenis
833 3790 948 3860 delevit
990 3789 1126 3886 templis.
1232 3765 1235 3770 ,

268 3924 427 3996 Subversa
441 3937 512 3996 sunt
525 3925 605 4009 fana,
622 3923 753 3996 contrita
767 3936 838 3994 sunt
847 3922 936 4006 idola,
950 3919 1126 3992 immundus
