3012 5040
441 733 868 782 orrsrotcurmmrrtosmon.
1044 715 1089 782 85

230 893 399 991 sopotamia
425 893 514 965 Siriae
540 892 579 963 ad
601 893 686 966 lsaac
711 907 831 992 patrem
856 921 945 966 suum
970 896 999 964 in
1026 887 1093 966 tor-

232 1049 298 1093 ram
324 1024 547 1122 promissionis.
607 1023 637 1092 ls
664 1023 870 1096 vehementiae
899 1039 930 1095 et
955 1050 1094 1121 sugges-

234 1154 307 1224 tioni
337 1155 440 1226 fratris
468 1157 513 1226 sui
542 1159 625 1229 Esau
651 1156 784 1227 volentis
812 1181 919 1226 secum
946 1182 1092 1254 pergere,

235 1288 394 1386 respondit
421 1317 427 1357 ε
456 1292 584 1373 Frater,
615 1290 695 1360 nosti
720 1290 789 1388 quia
819 1289 919 1360 habeo
950 1290 1094 1388 parvulos

235 1433 267 1489 et
291 1419 437 1490 mulieres
460 1435 492 1490 et
519 1447 596 1492 oves
619 1421 724 1506 loetas3
751 1421 776 1490 si
802 1421 870 1519 plus
897 1447 989 1518 quarn
1013 1447 1094 1518 pos-

234 1552 323 1624 sibile
351 1567 400 1624 est
432 1554 537 1625 secero
562 1555 704 1626 laborare
735 1555 765 1624 in
795 1553 996 1639 ambulando,
1031 1556 1095 1626 scio

234 1685 286 1784 qui
311 1711 422 1757 omnes
438 1687 609 1758 morientur
628 1714 687 1758 una
710 1687 770 1758 die.
824 1689 868 1757 lta
892 1701 923 1757 et
944 1713 1015 1780 ego,
1037 1687 1095 1757 lra-

235 1832 295 1901 ter‚
315 1845 378 1890 non
396 1819 521 1917 impono
538 1819 627 1890 vobis
650 1845 728 1890 onus
749 1819 832 1917 quod
855 1819 950 1890 vestri
976 1818 1095 1890 humeri

235 1951 319 2021 ferre
337 1977 398 2022 non
417 1951 548 2049 possint,
570 1976 629 2022 nec
645 1976 753 2049 quaero
775 1951 902 2048 gloriam
926 1951 965 2022 de
986 1966 1097 2022 auste—

235 2083 326 2154 ritate
352 2098 383 2154 et
407 2084 623 2156 adinventione
646 2085 877 2164 mandatorum;
903 2111 962 2156 una
986 2084 1098 2157 sufficit

235 2213 309 2284 mihi
331 2230 435 2288 vestra
459 2197 568 2289 salusis
607 2217 685 2287 Vitia
708 2230 741 2286 et
763 2216 923 2287 facultates
951 2215 1098 2313 peccandi

236 2347 383 2432 excludo,
414 2363 446 2420 et
468 2349 562 2420 solius
591 2364 708 2421 vestrae
732 2349 848 2444 regulae
874 2348 1013 2443 religioni
1042 2373 1099 2418 vos

235 2477 367 2574 religare
391 2479 563 2564 contend03
582 2479 704 2552 habetis
726 2480 878 2551 licentiam
901 2477 1045 2577 loquendi
1068 2477 1099 2549 in

236 2611 370 2682 claustro
400 2597 518 2695 vestro,
552 2612 609 2684 sed
634 2612 848 2684 determinatis
878 2628 909 2683 et
939 2611 1097 2684 consuetis
1131 2687 1134 2692 ,

237 2741 342 2827 horis;
369 2741 492 2814 habetis
523 2743 677 2815 licentiam
707 2743 852 2842 loquendi
882 2744 912 2814 in
942 2743 1100 2814 auditoriis

237 2874 370 2958 vestris,
400 2874 457 2946 sed
484 2875 523 2946 de
550 2875 713 2947 honestate
740 2890 772 2946 et
798 2875 925 2946 utilitate
958 2875 1100 2946 ecclesiae

237 3021 355 3078 vestrae
381 3021 599 3078 vestrarnmvc
623 2995 844 3078 necessitatum
870 3005 1096 3104 competentiis.

237 3142 335 3212 Porro
352 3165 458 3212 sermo
474 3141 680 3212 detractorius
694 3155 725 3212 et
737 3140 938 3212 murmuratio
951 3139 1101 3210 mordens

239 3273 344 3371 procul
363 3273 402 3344 sit
419 3274 459 3344 ab
476 3299 530 3344 ore
547 3288 578 3344 et
597 3300 614 3343 a
632 3272 727 3344 corde
741 3272 894 3357 monachi,
914 3286 946 3344 et
964 3273 994 3343 in
1012 3271 1101 3342 audi-

239 3405 329 3491 torio,
357 3418 390 3476 et
410 3404 441 3476 in
467 3406 557 3490 atrio,
583 3419 615 3477 et
637 3405 667 3474 in
693 3405 776 3476 omni
803 3430 868 3475 suae
890 3403 1101 3475 consistentiao

238 3539 316 3624 loc03
333 3539 527 3611 detractores
541 3551 572 3610 et
586 3553 830 3610 murmuratores
847 3536 1017 3634 Apostolus
1034 3537 1101 3605 Deo

240 3670 368 3742 odibiles
394 3669 536 3768 appellat.
589 3669 726 3740 ludicate
753 3681 899 3766 quantum
927 3666 1040 3737 malum
1063 3665 1101 3734 sit

240 3818 272 3874 et
287 3804 470 3876 monachum
481 3830 592 3876 vacare
606 3803 680 3874 vitio
693 3802 776 3901 quod
790 3806 874 3872 Deus
888 3801 1013 3872 omnino
1030 3799 1100 3870 odio

240 3933 342 4007 habet.
372 3935 462 4007 Unde
476 3935 614 4033 sequitur
628 3961 728 4032 neque
743 3932 1010 4004 murmuraveritis
1024 3931 1098 4000 sicut
