3012 5040
424 727 563 776 urrsronn
577 727 859 774 nunnunrrnosmcn.
1019 707 1064 774 63
1095 737 1099 746 ·

203 890 342 962 nativum
365 886 432 957 fieri
451 898 512 956 tute
530 884 781 978 interrogationis
802 885 969 970 desideria,
999 911 1069 956 res-

189 1013 313 1118 ¹pondit
330 1019 422 1112 :Age
440 1017 532 1112 igitur
549 1015 632 1113 quod
648 1017 725 1111 agis,
741 1041 873 1114 operare
891 1016 974 1115 quod
986 1043 1070 1115 ope-

204 1151 297 1235 raris,
321 1151 391 1246 lege
415 1161 536 1248 poetas
560 1148 640 1220 dicta
669 1174 708 1219 ex
735 1149 847 1246 poetis,
876 1149 1019 1246 quoniam
1040 1165 1072 1220 et

206 1283 237 1352 in
255 1280 447 1379 sterquilinio
465 1280 515 1350 ille
537 1281 645 1378 AEsopi
663 1281 761 1376 gallus
784 1281 901 1352 invenit
918 1281 1072 1378 margari-

208 1429 281 1486 tam.
336 1415 405 1508 Ego
422 1413 546 1483 interim
564 1438 660 1484 senex
679 1412 831 1509 longevus
844 1413 992 1484 sacerdos
1006 1414 1072 1483 solo

208 1545 249 1616 de
266 1544 391 1617 Christo
411 1544 519 1642 loquar
538 1543 604 1628 tibi,
624 1558 655 1614 et
676 1542 716 1614 de
736 1543 800 1614 suis
820 1544 959 1614 externis
978 1558 1010 1614 et
1020 1545 1074 1640 jo-

208 1675 319 1748 cundis
330 1676 596 1775 promissionibus.
613 1647 694 1761 Quid
711 1689 760 1748 est
773 1675 856 1774 quod
869 1689 940 1747 tuus
956 1675 1073 1771 collega

210 1810 388 1881 Wilielmus
414 1808 507 1880 tacuit
532 1809 564 1879 in
589 1821 642 1878 tno
671 1808 777 1880 thoma
807 1821 839 1880 et
866 1809 952 1880 velut
978 1809 1097 1879 iratus·

212 1941 293 2012 nulla
314 1940 386 2012 mibi
408 1939 618 2035 dignatusest
639 1941 803 2012 scribere?
853 1939 995 2010 Amicitia
1012 1967 1074 2010 non

213 2087 354 2146 meretur
376 2074 453 2146 iram
478 2098 548 2171 quar
570 2072 719 2170 praedicat
742 2045 923 2157 veritatem,
951 2087 983 2144 et
1006 2097 1076 2171 quae

214 2207 386 2278 imminenti
403 2205 514 2276 morbo
531 2204 675 2302 providet
694 2219 725 2276 et
738 2205 864 2277 adhibet
879 2205 1072 2276 medicinam.

215 2340 361 2412 Collisum
390 2338 567 2416 Willelmus
594 2337 714 2408 revelet
739 2338 892 2423 animum,
923 2351 955 2409 et
982 2363 1076 2436 quem

216 2473 366 2544 hactenus
392 2496 443 2542 me
466 2470 602 2542 alterum
626 2469 721 2541 habui
744 2469 775 2540 in
799 2470 894 2554 meiS,
920 2469 1079 2568 permittat

218 2629 268 2674 me
293 2628 328 2674 se
351 2601 482 2673 altemm
503 2600 610 2672 haberi
632 2601 664 2672 in
684 2601 759 2674 suis.
813 2602 935 2673 Scribat
958 2600 1030 2672 mibi
1053 2601 1079 2670 si

219 2735 283 2806 vult
299 2735 428 2808 rescribi
446 2734 515 2806 sibi.
535 2734 666 2806 Contuli.

478 2840 490 2873 Ο

244 3003 445 3074 EPISTOLA
463 3005 583 3074 XXXI.
600 3045 648 3056 —
662 3003 709 3073 An
726 3005 878 3076 chnrinou
892 3028 1053 3074 nrrscoanu.

335 3204 465 3273 Ricanno
481 3227 612 3272 nrrscoro
630 3203 798 3273 Horremus
812 3227 966 3274 nrrscorus.

278 3403 431 3474 Oraturus
461 3428 518 3500 pro
548 3403 737 3502 presbytero
768 3402 937 3487 Hunsrido‚
971 3402 1083 3498 quibus
1153 3441 1156 3446 ·

211 3509 364 3606 'inventis
396 3532 551 3620 exordiar,
568 3531 824 3605 'clementissime
854 3547 954 3632 pater,
984 3533 1084 3603 incer-

224 3680 276 3738 tus
294 3693 374 3752 sum,
402 3692 472 3738 curn
496 3678 528 3736 et
551 3666 696 3763 injunctae
715 3665 787 3736 mihi
807 3691 909 3739 cansae
933 3691 1032 3762 genus
1046 3665 1084 3735 sit

225 3797 391 3868 obscurum
423 3810 454 3867 et
484 3810 660 3868 vestrarum
688 3796 867 3893 injuriarum
895 3797 1085 3896 querimonia

227 3928 266 3998 sit
290 3941 410 4026 patens.
465 3930 529 4000 Sed
552 3930 697 4028 episcopo
716 3929 825 4027 loquor
846 3931 932 4026 cujus
957 3929 1000 4000 ira
1024 3953 1086 3998 non
