3012 5040
432 729 542 774 nassau
559 729 593 774 uu
611 729 700 774 cmm
719 729 866 773 urrsronn.
1013 707 1080 773 tta

223 888 320 956 amieo
340 886 434 958 debet
451 887 652 986 impendere?
703 889 818 958 Verum
840 889 986 985 estquod
1009 890 1083 986 qui—

225 1019 295 1090 dam
309 1021 432 1118 sapiens
446 1022 486 1092 ait
502 1050 508 1090 :
523 1024 593 1092 Non
608 1021 708 1092 omnis
729 1023 779 1118 qui
798 1037 877 1094 amat
891 1024 1007 1095 amicus
1021 1037 1081 1097 est.

226 1153 282 1223 sed
296 1155 396 1224 omnis
409 1155 525 1226 amicus
535 1169 627 1225 amat.
680 1155 812 1226 Dicebas
825 1171 856 1226 te
869 1157 1012 1240 amicum,
1028 1156 1084 1226 sed

226 1287 360 1356 animum
382 1288 523 1382 fingebas
540 1287 712 1359 subdolum.
764 1291 835 1360 Non
858 1291 983 1380 amabas
1004 1291 1085 1361 sub-

227 1419 368 1490 stantiam
389 1421 529 1518 corporis
554 1422 632 1494 mei.
658 1421 714 1492 sed
743 1422 768 1492 si
795 1421 866 1519 quid
897 1436 1085 1520 extorquere

228 1576 337 1648 posses
350 1551 469 1649 peculii.
523 1552 669 1647 Legimus
682 1552 859 1650 quemdam,
873 1578 967 1650 quum
983 1553 1085 1624 inter-

228 1697 388 1778 rogaretur
407 1683 478 1781 quid
500 1698 585 1754 esset
608 1684 734 1759 amicus,
754 1684 954 1782 respondisse
972 1685 1086 1756 :Alter
1136 1677 1141 1685 ⁵

228 1840 287 1909 ego
292 1873 547 1884 .....
601 1833 632 1886 ut
656 1819 774 1886 Seneca
794 1817 916 1914 scripsit
933 1817 1085 1901 :Quidam

228 1973 263 2018 ea
287 1973 356 2044 quae
371 1949 476 2018 amicis
493 1947 713 2019 committenda
734 1963 816 2028 sunt,
832 1949 931 2018 obviis
948 1965 1084 2019 narrant.

229 2095 260 2149 et
283 2080 312 2150 in
332 2081 483 2176 quaslibet
511 2105 601 2150 aures
628 2080 770 2176 quicquid
794 2080 861 2150 illos
882 2081 942 2150 urit
964 2107 1087 2151 exone—

162 2261 167 2270 ·
230 2227 296 2281 rant
322 2269 1082 2284 .............

280 2346 450 2441 Utrumque
469 2346 552 2414 enim
569 2346 674 2415 vitium
693 2359 791 2414 estet
809 2347 891 2414 omni
908 2346 1039 2415 credere
1057 2360 1086 2415 et

231 2476 302 2546 nulli
318 2504 323 2544 :
340 2476 408 2546 haeo
425 2477 544 2546 Seneca
575 2535 1082 2547 .........

279 2609 407 2705 Lyritus
429 2609 489 2692 itte,
514 2610 564 2706 qui
589 2635 646 2706 pro
666 2609 763 2678 amico
784 2609 978 2705 precabatur,
1002 2610 1089 2704 cujus

228 2740 327 2810 anima
352 2741 430 2811 iltius
448 2742 558 2812 auimae
576 2742 853 2836 conglutinabatur,
878 2766 939 2838 quo
962 2741 1084 2811 affectu.

228 2887 343 2970 quanto
360 2875 426 2969 ojus
445 2874 574 2944 salutem
591 2875 716 2971 optabat
734 2873 906 2943 desiderio!

296 3143 386 3189 Sernes
397 3140 502 3202 (inqiut)
514 3140 609 3188 animae
622 3138 759 3188 dimidium
773 3151 847 3188 meae.

235 3449 680 3462 ........
725 3393 811 3460 Bene
828 3389 950 3486 quidam
966 3389 1089 3486 sapiens

232 3525 305 3596 dicit
331 3553 337 3593 ς
362 3529 431 3596 Nou
450 3525 626 3620 agnoscitur
650 3523 680 3591 in
707 3522 795 3592 bonis
823 3521 950 3604 amicus,
970 3535 1001 3590 et
1028 3547 1088 3590 nou

232 3657 431 3728 absconditur
448 3658 478 3726 in
494 3655 738 3726 malisinimicus
765 3711 1085 3722 ......

236 3850 241 3860 .
299 3849 304 3859 .
362 3851 366 3860 .
423 3849 429 3859 .
483 3789 631 3860 Boethius
648 3790 688 3860 ait
711 3816 717 3857 :
738 3789 833 3858 Bonis
851 3786 994 3858 omnibus
1015 3786 1089 3882 pul-

170 3908 177 3918 *
233 3949 298 4006 sus,
314 3922 538 3994 existimatione
557 3921 700 4006 soedatus,
719 3921 760 3992 ob
774 3919 957 3990 beneficium
975 3918 1091 4014 suppli-

928 4036 960 4081 so
