3012 5040
418 695 487 766 ⁴52
628 718 739 764 osmari
756 719 791 764 or
809 719 900 764 cinon
917 719 1064 764 rrrsroin.

412 873 455 944 tio
468 873 634 944 amicorum
648 873 762 969 reperi.
815 872 948 942 Exilium
959 873 988 942 in
1001 873 1130 970 patriam
1144 897 1274 943 versum

415 1018 473 1074 est.
527 1003 613 1075 Sicut
637 1003 806 1086 Achitosel‚
832 1029 926 1100 quum
950 1004 1084 1074 surrexit
1105 1003 1274 1074 adversum

415 1134 525 1219 David,
540 1135 584 1206 sic
598 1161 669 1206 curn
685 1135 885 1233 eomplicibus
902 1137 962 1207 tuis
979 1136 1046 1206 sinc
1064 1162 1154 1208 causa
1165 1148 1273 1206 contra

415 1293 465 1338 me
489 1269 691 1340 insurrexisti.
746 1269 831 1341 Sicut
847 1270 955 1341 Doech
974 1269 1118 1342 ldomeus
1137 1270 1167 1340 in
1188 1269 1274 1340 Abi-

415 1399 535 1470 melech
557 1400 752 1472 sacerdotem
771 1401 893 1471 Domini
911 1427 1035 1473 manum
1057 1400 1196 1472 extendit
1218 1425 1273 1470 sa-

415 1530 572 1625 crilegam,
592 1530 632 1600 ita
654 1555 713 1627 pro
735 1530 856 1626 ancipiti
876 1530 976 1625 gladio
997 1557 1058 1602 non
1081 1531 1273 1602 incruentam

415 1663 544 1733 sustinui
570 1663 703 1756 linguam
721 1674 815 1732 tuam.
870 1663 902 1732 Si
923 1664 1041 1734 crimen
1064 1663 1171 1759 objicis
1193 1661 1272 1732 sacri

384 1818 387 1822 ·
416 1794 471 1864 loci
490 1793 642 1877 defensio,
661 1806 693 1864 et
711 1793 840 1864 fratrum
853 1793 986 1865 fidelitas
999 1809 1031 1865 et
1048 1795 1144 1877 tuitio,
1160 1807 1208 1864 est
1222 1818 1274 1865 ec·

413 1925 516 1996 olesiae
529 1927 598 2022 jura
612 1924 695 1995 solva
709 1949 781 1996 esse
795 1925 930 1996 voluisse
942 1926 1141 2024 opprobrium
1154 1950 1270 1997 meum.

415 2070 446 2128 ot
469 2056 698 2128 incommodum
721 2070 770 2128 est
792 2057 944 2128 honorem
967 2058 1086 2129 civibus
1110 2057 1269 2138 detulisse,

414 2188 593 2260 domesticis
612 2188 683 2259 fidei
703 2189 734 2260 in
753 2189 989 2260 necessitatibus
1005 2189 1189 2271 occurrisse,
1208 2188 1273 2258 sra-

415 2333 480 2390 tres
497 2317 611 2391 Christi
631 2332 664 2389 et
686 2319 844 2417 proximos
864 2319 998 2414 benigne
1017 2317 1177 2415 excepisse
1201 2315 1275 2387 hos

417 2449 491 2547 pitio
505 2463 537 2520 et
552 2450 693 2548 panibus,
709 2448 970 2548 propositionibus
985 2449 1108 2546 pavisse
1126 2449 1156 2520 in
1169 2449 1275 2547 quoti-

418 2580 506 2652 diana
533 2581 704 2652 refectione
728 2580 874 2678 populum
896 2580 1029 2662 Domini,
1054 2579 1275 2678 improperium

416 2739 522 2787 meum
539 2729 571 2786 et
587 2713 770 2786 contumelia
788 2729 846 2784 est.
900 2716 967 2784 Nec
979 2714 1090 2784 mirum
1108 2715 1133 2784 si
1147 2739 1204 2812 per
1225 2738 1275 2783 se-

418 2846 568 2946 quipedas
585 2846 672 2918 Judae
691 2846 869 2944 proditoris,
889 2871 959 2918 mea
976 2847 1053 2918 sacta
1072 2847 1111 2917 sit
1129 2846 1272 2944 proditi0,

416 3008 510 3079 quum
537 2997 569 3053 et
594 2982 660 3080 ipse
684 3008 774 3052 suum
795 2980 966 3079 prodiderit
985 2981 1167 3076 magistrum
1189 2982 1276 3078 cujus

418 3139 469 3184 me
486 3113 634 3212 profiteor
652 3139 723 3184 esse.
742 3112 933 3212 discipulum.
986 3114 1020 3183 ln
1041 3113 1184 3211 passione
1203 3115 1276 3182 Do-

419 3245 491 3315 mini
505 3270 573 3316 mea
587 3245 708 3342 incepta
725 3258 774 3314 est
791 3245 904 3342 passio,
923 3258 955 3315 et
970 3271 1039 3316 curn
1054 3245 1194 3342 ejusdem
1208 3260 1275 3316 tra-

418 3374 532 3446 ditione
550 3376 609 3448 sub
627 3375 736 3446 sacrati
759 3375 909 3473 temporis
929 3375 1005 3446 hora
1029 3375 1148 3448 eisdem
1166 3376 1276 3447 diebus

418 3532 487 3578 mea
504 3520 553 3578 est
569 3507 647 3578 sacta
660 3506 793 3591 traditio,
815 3522 846 3577 et
860 3509 953 3604 juste.
1007 3507 1090 3579 Illius
1107 3508 1188 3580 enim
1204 3533 1278 3578 ves-

419 3638 499 3734 tigiis
512 3638 664 3710 inhaerere
680 3639 769 3736 cupio
787 3653 819 3710 et
835 3639 1028 3737 passionibus
1046 3639 1180 3737 quotidie
1193 3665 1278 3710 com-

420 3771 596 3856 municare,
627 3774 714 3868 cujus
739 3773 933 3844 communico
959 3775 1043 3842 carni
1067 3786 1099 3843 et
1125 3773 1275 3868 sanguini.

423 3903 567 3974 Haeccine
581 3917 629 3974 est
643 3904 751 4000 gratia,
762 3903 900 3975 haeocine
915 3905 1150 4002 amicitia,quam
1161 3905 1279 3976 amicus
