3050 5040
472 723 608 771 nrrsronn
625 725 758 771 nnanann
772 728 906 773 cosmon.
1072 705 1115 774 49

255 879 438 975 regionibus
457 893 572 950 vestrae
592 881 775 976 integritatis
797 896 829 954 et
845 884 998 981 pudicitiae
1016 885 1118 956 solidi-

254 1026 308 1084 tas
320 1013 440 1108 cognita
459 1025 518 1083 est.
572 1013 689 1098 Astitit,
706 1014 804 1112 inquit
815 1016 982 1114 Propheta,
998 1017 1117 1113 Regina

255 1171 273 1214 a
294 1143 412 1214 dextris
429 1145 485 1214 Dei
502 1145 533 1214 in
549 1145 663 1215 vestitu
677 1145 837 1230 deaurato7
856 1147 1042 1220 circumdata
1055 1176 1117 1220 va-

255 1277 380 1347 rietate.
442 1278 520 1349 Huic
543 1293 574 1348 et
602 1305 660 1349 vos
686 1280 818 1375 Reginae
839 1281 957 1366 astatis,
985 1282 1033 1352 cui
1055 1309 1118 1352 non

256 1407 317 1478 nisi
336 1409 464 1503 Reginae
487 1408 643 1493 serviunt,
670 1422 756 1480 tanto
779 1409 930 1482 feliciores
951 1423 1065 1512 quanto
1086 1413 1117 1482 in

256 1539 326 1634 ejus
343 1538 500 1635 obsequiis
512 1539 709 1610 inveniuntur
722 1539 910 1612 devotiores.
964 1542 1052 1627 Huic,
1066 1542 1118 1612 in-

255 1697 360 1768 quam,
389 1671 518 1767 Reginae
540 1671 659 1756 astatis,
688 1673 817 1771 ejusque
841 1673 909 1744 filiis
936 1674 1058 1746 Christo
1085 1687 1117 1745 et

252 1802 385 1873 Iohanni
412 1803 571 1874 insatiabili
596 1803 752 1875 desiderio
780 1804 955 1891 deservitis,
984 1831 1115 1904 quorum

254 1949 341 2007 tanta
354 1950 402 2007 est
414 1937 549 2034 potentia
563 1937 766 2024 retribuendi,
779 1953 891 2037 quanta
905 1940 996 2010 luerit
1009 1953 1113 2012 vestra

254 2068 400 2140 voluntas
422 2068 600 2166 recipiendi.
654 2070 772 2166 Regina
794 2072 842 2142 cui
867 2072 991 2142 servitis
1012 2085 1116 2170 potest

253 2201 375 2286 omnia,
403 2202 472 2300 quia
500 2203 637 2272 omnium
663 2205 912 2301 potentissimum
940 2207 1112 2302 generavit,

253 2333 412 2405 Christum
438 2334 582 2406 videlicet
611 2361 701 2406 suum
727 2336 833 2420 filium,
861 2339 972 2409 animae
996 2351 1113 2410 vestrae

254 2493 416 2564 sponsum,
435 2468 610 2566 speciosum
636 2468 734 2539 forma
758 2493 825 2565 prae
850 2467 919 2539 filiis
940 2469 1109 2540 hominum.

252 2602 353 2670 Pauca
374 2599 446 2685 dixi,
471 2601 598 2699 cupiens
621 2601 714 2672 multa
737 2601 857 2687 dicere3
887 2600 943 2672 sed
966 2601 1051 2672 timui
1068 2601 1113 2673 vi-

252 2731 323 2802 deri
353 2756 505 2802 onerosus
533 2733 690 2828 regalibus
715 2733 848 2830 negotiis
877 2759 948 2832 quae
970 2732 1112 2805 laudabili

251 2866 456 2938 sollicitudine
478 2866 707 2940 administratis.
767 2868 839 2939 Alta
860 2894 978 2966 quaero,
1002 2867 1058 2939 sed
1079 2879 1113 2938 ut

251 2996 314 3067 alta
327 3021 514 3093 quaererem,
529 3008 646 3068 vestrae
659 2995 877 3069 munificentiae
890 3008 1037 3068 consucta
1050 2997 1112 3068 bc-

251 3127 361 3200 neficia
396 3155 498 3200 meam
531 3130 808 3228 praesumptionem
837 3129 1108 3200 confirmaverunt.

249 3266 365 3334 Vestra
388 3262 566 3360 magnitudo
584 3263 695 3334 salutet
716 3261 872 3335 dominum
894 3262 1112 3334 Salesberien-

251 3421 323 3468 scm
351 3396 530 3494 episcopum
560 3421 599 3466 cx
627 3408 717 3492 parte
750 3421 836 3478 mea,
871 3395 978 3466 dicens
1009 3396 1036 3465 ei
1070 3419 1110 3466 ne

248 3553 355 3602 meam
368 3528 527 3599 fastidiens
540 3540 765 3626 paupertatem,
785 3527 920 3597 inveniat
932 3526 1110 3597 occasiones

248 3658 432 3731 discedendi
444 3658 484 3729 ab
497 3682 603 3729 amore
614 3683 697 3741 meo,
714 3671 746 3728 et
759 3682 799 3727 ne
811 3655 919 3727 credat
928 3656 1057 3727 inimicis
1070 3657 1110 3727 de

247 3789 357 3861 amicis
370 3789 445 3860 suis.
483 3790 640 3860 Caeterum
654 3789 694 3860 de
708 3787 884 3860 infirmitate
901 3812 980 3872 mea,
997 3788 1037 3858 de
1051 3815 1109 3886 qua

246 3935 357 3995 vestra
369 3921 548 3993 excellentia
561 3920 722 4016 dignorata
735 3933 784 3991 est
796 3920 967 4017 requirere,
980 3945 1108 4016 respon-

994 4053 1009 4100 7
1096 4055 1098 4059 ,
