3050 5040
407 692 425 762 l
485 679 495 702 ⁹
615 721 897 766 nnsroununnanan
912 721 1044 766 cosman.

403 871 512 947 frater.
538 889 715 945 sanctorum
733 890 819 958 sunt,
842 889 1000 948 eteorum
1022 877 1052 946 in
1071 874 1183 972 quibus
1207 872 1259 941 lo-

401 1007 555 1102 quebatur
581 1007 706 1104 spiritus
736 1021 876 1092 sanctus⁷
907 1035 1038 1106 quorum
1065 1002 1260 1078 conversatio

401 1137 431 1206 in
457 1138 544 1208 coelis
569 1152 636 1212 est,
666 1153 697 1210 et
722 1140 834 1237 quibus
859 1166 914 1211 ore
940 1139 978 1211 ad
1010 1166 1046 1210 os
1076 1136 1259 1236 loquebatur

402 1268 497 1350 Deus,
521 1281 552 1338 et
573 1294 705 1366 quorum
727 1270 906 1366 pectoribus
923 1284 1098 1340 caenaturus
1125 1273 1259 1336 mortem

349 1449 354 1460 ·
401 1401 613 1472 recumbebat.
677 1401 759 1472 Talia
789 1402 905 1472 nostris
933 1427 996 1472 non
1027 1401 1181 1471 intersunt
1207 1396 1258 1494 qui
1330 1369 1335 1386 .

401 1533 566 1604 sordemus
574 1535 637 1606 luto
650 1535 820 1619 libidinum,
833 1536 883 1633 qui
896 1534 1057 1606 incentivis
1072 1532 1258 1603 suffocamur

398 1667 577 1764 passionum
588 1667 738 1752 feralium,
750 1668 802 1765 qui
815 1667 996 1739 infestamur
1008 1666 1162 1737 anxietate
1175 1663 1257 1758 cogi-

397 1811 524 1869 tatuum.
560 1801 662 1896 Super
677 1797 1258 1898 quem,Deusinquit,requiescitSpi-

398 1931 474 2001 ritus
489 1957 595 2014 meus,
614 1932 670 2002 nisi
688 1958 785 2030 super
803 1934 941 2030 quietum
959 1947 990 2004 et
1007 1932 1155 2002 humilem
1173 1943 1204 2001 et
1221 1929 1258 1999 ti-

397 2075 536 2132 mentem
552 2087 716 2134 sermones
731 2069 840 2133 meus?
859 2063 992 2161 Spiritus
1005 2075 1131 2134 sanctus
1149 2061 1258 2156 effugit

397 2194 525 2280 lactum,
543 2209 575 2265 et
589 2195 720 2266 discedit
733 2223 750 2266 a
765 2195 1005 2292 cogitationibus
1020 2221 1090 2293 quae
1105 2207 1177 2265 sunt
1190 2195 1256 2264 sine

396 2324 563 2398 intellectu.
605 2328 687 2413 Quid
701 2329 793 2414 circa,
806 2328 913 2412 frater,
928 2341 1111 2400 mteranum
1126 2326 1257 2398 amicum

396 2460 533 2532 lacesere
547 2463 611 2558 jam
626 2462 735 2533 desine
749 2463 787 2534 ad
801 2462 1000 2534 scribendum
1022 2485 1134 2533 suasve
1148 2459 1257 2532 scedu-

397 2592 442 2662 las
459 2592 498 2663 ad
516 2595 764 2692 praepalandum⁷
780 2621 890 2693 quem,
903 2608 937 2665 ut
952 2593 1097 2692 praedixi,
1115 2592 1153 2664 ad
1175 2593 1255 2662 bona

396 2750 492 2822 opera
519 2725 659 2797 lacienda
685 2727 865 2810 informare,
894 2741 925 2797 et
951 2727 989 2797 ad
1015 2724 1158 2797 dellenda
1176 2724 1255 2794 mala

395 2858 552 2954 praeterita
584 2859 684 2930 debes
711 2859 856 2930 continuo
888 2885 1047 2930 revocare.
1108 2859 1179 2928 Non
1208 2869 1256 2926 est

395 3012 485 3085 aeque
508 2989 623 3059 sanctis
648 3003 681 3059 et
702 2988 920 3086 peccatoribus
945 2989 1083 3072 collati0;
1113 3001 1147 3058 ut
1173 2987 1255 3058 enim

395 3120 491 3190 sancti
510 3121 626 3191 sanctis
643 3121 782 3192 moribus
800 3147 887 3191 suam
905 3120 1043 3191 colorant
1065 3119 1252 3190 doctrinam.

394 3251 433 3322 ita
461 3266 644 3360 peccatores
675 3253 851 3350 impuritate
878 3253 951 3323 vitae
978 3279 1065 3323 suam
1091 3252 1257 3349 deturpant

393 3384 630 3482 loquacitatem3
645 3385 728 3455 unde
742 3385 815 3456 illud
831 3385 969 3457 divinum
986 3398 1072 3456 recte
1089 3385 1256 3483 proclamat

394 3516 552 3586 oraculum
573 3545 579 3585 :
600 3517 694 3613 Cujus
710 3517 770 3588 vita
789 3516 968 3616 despicitur,
989 3543 1119 3588 necesse
1132 3541 1255 3614 quoque

393 3661 442 3717 est
462 3661 493 3718 ut
513 3650 579 3745 ejus
599 3649 737 3720 doctrina
753 3650 948 3748 despiciatur.
