3012 5040
431 741 543 786 osrnmr
560 739 595 786 ur
613 741 703 788 cinno
722 743 867 790 unsronn.
1013 717 1081 792 427

305 1017 507 1086 EPISTOLA
525 1019 565 1086 X.
583 1061 630 1069 -
645 1018 692 1088 An
710 1020 854 1090 Huoonou
871 1044 1000 1090 urrunnu.

223 1215 535 1296 Proeoonliolissimo‚
553 1216 808 1287 reverendissimo
828 1244 865 1287 oo
884 1217 1084 1289 dilectissimo

268 1350 358 1444 patri
372 1347 495 1418 domino
512 1350 617 1445 priori
633 1349 768 1446 Huqoni,
783 1351 845 1420 Dei
858 1352 964 1447 qratia
982 1349 1082 1446 sami-

274 1481 325 1552 liae
353 1481 434 1551 beati
458 1483 623 1553 Panerotii
648 1485 682 1553 in
708 1481 885 1554 obedientiae
909 1485 1082 1553 ministerio

272 1638 345 1683 uero
361 1613 463 1683 torulis
479 1613 654 1685 bumilitate
669 1617 835 1712 supposito,
853 1613 953 1711 frater
967 1613 1081 1686 Osber-

274 1758 331 1824 tus,
346 1746 516 1842 municipio
529 1745 611 1842 quod
625 1745 726 1816 Claro
742 1745 859 1817 dieitur
879 1746 1042 1827 oriundus
1055 1761 1083 1817 et

273 1875 357 1945 altus
373 1901 394 1944 a
410 1901 574 1945 soenorum
599 1875 759 1946 liminibus
782 1876 908 1957 aelium,
932 1891 1083 1974 tanquam

273 2007 307 2074 in
319 2019 425 2076 eatena
438 2032 544 2102 renna,
562 2005 719 2100 injustitia
736 2021 863 2104 eoqente,
876 2010 1080 2105 proscriptus,

273 2139 318 2206 sie
339 2139 373 2207 in
399 2135 525 2206 ecelesia
552 2137 613 2206 Dei
637 2137 838 2234 temporalem
862 2137 1083 2210 administrare

270 2271 459 2366 prioratum,
478 2283 513 2338 ut
530 2296 601 2340 oum
621 2270 783 2367 primibus
807 2270 892 2341 bonis
917 2273 950 2340 in
974 2286 1082 2342 senatu

274 2401 388 2472 coelesti
409 2403 489 2472 inter
509 2404 631 2499 primos
650 2402 770 2500 palatii
788 2403 938 2473 ooelestem
954 2403 1084 2474 obtineat

270 2535 496 2632 principatum.

275 2750 386 2822 Lucius
403 2750 525 2820 Annius
548 2752 668 2822 Seneca
691 2751 929 2837 CordubiensiS,
955 2765 1082 2850 patruus

226 2883 339 2954 Lucani
357 2896 471 2981 poetae‚
492 2908 585 2980 quem
601 2884 712 2955 beatus
727 2885 938 2984 Hieronymus
954 2884 985 2954 in
1002 2897 1083 2955 cuta-

224 3016 296 3110 logo
319 3027 495 3086 sanctorum
516 3016 603 3113 ponit
625 3015 799 3102 doctorum,
827 3030 859 3088 et
880 3041 994 3087 nomen
1016 3017 1084 3112 ejus

225 3148 307 3218 inter
328 3147 452 3217 nomina
473 3146 635 3217 illustrium
654 3147 793 3219 virorum
814 3147 931 3232 scribit,
956 3147 1083 3218 multum

225 3280 316 3351 nobis
328 3280 374 3351 sui
385 3279 572 3350 memoriam
586 3294 619 3350 et
630 3280 730 3352 verbo
743 3281 864 3379 reliquit
877 3294 907 3351 et
925 3281 1079 3377 exemplo.

224 3411 284 3497 Qui
300 3439 395 3510 quum
412 3412 710 3484 continentissimam
729 3426 839 3508 ageret
854 3412 950 3483 uitam
967 3423 999 3482 et
1011 3413 1082 3482 Ne-

224 3545 310 3616 ronis
327 3545 476 3640 magister
496 3557 581 3615 esset
603 3555 635 3614 et
656 3543 736 3613 illius
757 3541 907 3640 temporis
928 3543 1084 3640 potentis-

224 3677 332 3762 simus,
352 3690 460 3775 optare
476 3701 512 3748 se
533 3675 606 3746 dicit
627 3675 658 3745 in
681 3673 819 3772 epistolis
840 3673 905 3744 suis
921 3675 989 3770 ejus
1010 3699 1083 3744 esso

224 3809 283 3880 loci
306 3808 386 3907 apud
404 3835 489 3893 suos,
509 3810 596 3906 cujus
615 3807 726 3878 Paulus
742 3806 900 3906 apostolus
918 3819 986 3877 erat
1003 3806 1084 3876 inter

171 3939 427 4014 'Christianos
490 4001 495 4011 .
559 4001 563 4010 .
628 3999 632 4009 .
695 3999 699 4008 .
757 3999 761 4008 .
820 3999 824 4008 .
883 3998 887 4007 .
946 3997 950 4006 .
1009 3996 1076 4004 ..
