3038 5036
437 727 506 798 222
557 749 657 795 renum
677 749 782 794 unionis
799 749 1015 796 cnnrunmuusrs
1032 753 1179 798 nrrsronn.

460 1025 662 1098 EPISTOLA
681 1027 831 1098 V.-—An
847 1029 998 1100 Nicomun
1019 1030 1266 1102 Gnoersmnusnu.

436 1175 654 1247 Sincerissimo
671 1175 730 1244 Dei
747 1173 877 1270 famulo,
897 1200 952 1244 suo
968 1187 1071 1244 autem
1086 1177 1218 1246 Domino
1235 1203 1296 1247 co-

483 1309 617 1386 rissr‘mo,
635 1306 766 1377 Nicoloo
786 1305 1001 1386 Glooestreoor',
1019 1306 1117 1403 [rotor
1136 1307 1294 1387 Etmerus,

483 1452 639 1509 outremer
655 1437 794 1534 fratrum
810 1437 942 1508 ecclesio
958 1437 1079 1508 Christi·
1099 1438 1294 1518 Cuotuurioe,

483 1573 546 1641 Deo
563 1572 597 1640 in
614 1570 755 1640 omnibus
768 1570 904 1668 placere¹

483 1706 531 1774 Ex
547 1703 656 1774 litteris
671 1703 827 1774 benedicti
842 1705 985 1800 Gregorii
999 1705 1120 1776 Domini
1140 1730 1199 1776 mer
1220 1704 1296 1776 dul-

435 1834 548 1906 cissimi
577 1861 722 1931 magnum
750 1861 807 1906 vos
831 1861 906 1932 erga
938 1862 988 1906 me
1013 1861 1152 1906 amorem
1177 1835 1295 1906 habere

436 1966 577 2064 percepi;
606 1965 687 2036 unde
720 1966 850 2036 multum
882 1966 1018 2062 gaudeo,
1048 1968 1120 2038 licet
1151 1967 1295 2062 indiguus

435 2098 493 2168 sim
512 2099 607 2168 amari
633 2099 796 2196 abaliquo
820 2100 976 2196 religioso,
1003 2113 1035 2170 et
1056 2104 1124 2172 Deo
1149 2125 1185 2172 ao
1206 2100 1297 2171 vobis

434 2255 491 2327 pro
509 2229 558 2300 tali
576 2255 694 2314 amore,
715 2256 792 2328 quas
812 2257 940 2329 possum
956 2232 1071 2328 gratias
1088 2259 1156 2328 ago.
1210 2230 1296 2302 Licet

431 2376 534 2432 nutem
560 2363 745 2459 condignam
774 2364 871 2434 amori
898 2378 1006 2435 vestro
1034 2364 1135 2435 vicem
1159 2362 1294 2433 reddere

432 2521 597 2592 nequeam,
613 2495 652 2567 ad
666 2496 808 2568 indicium
828 2511 933 2568 tumen
945 2497 1060 2568 umoris
1074 2497 1135 2567 mei
1149 2522 1296 2591 ergarus

432 2627 487 2698 has
501 2627 591 2698 vobis
609 2628 839 2714 meditationes
860 2655 937 2727 quus
953 2643 1080 2728 peccate
1098 2655 1167 2700 mea
1185 2627 1296 2700 eonsi—

432 2758 570 2829 derando
588 2759 710 2846 dicturi,
732 2763 924 2848 transmitto;
951 2763 1003 2834 ubi
1026 2762 1051 2832 si
1077 2760 1189 2858 aliquid
1208 2760 1296 2858 posi-

433 2904 497 2960 tum
523 2891 675 2989 estquod
701 2893 730 2962 in
755 2893 850 2965 corde
874 2894 1007 2990 legentis
1028 2893 1157 2965 amicum
1181 2890 1297 2962 sanctis

432 3023 586 3094 mentibus
609 3027 879 3123 compunctionem
902 3027 1002 3098 voleat
1031 3025 1178 3109 excitare,
1202 3024 1295 3095 etiam

431 3169 546 3226 vestrae
559 3156 715 3228 devotioni
730 3159 903 3231 famuletur.
960 3160 1102 3230 Obsecro
1113 3171 1216 3228 nutem
1229 3155 1294 3228 dul·
1314 3211 1317 3216 -

426 3287 569 3358 cedinem
582 3302 733 3374 vestrum,
753 3303 787 3360 ut
804 3317 898 3388 quum
920 3291 950 3360 in
964 3290 1013 3360 his
1031 3289 1292 3374 meditationibus,

429 3420 540 3518 quibus
549 3421 681 3492 miseriis
695 3422 753 3493 sim
768 3424 924 3496 involutus
936 3424 1100 3507 videretis,
1113 3448 1164 3494 me
1173 3447 1297 3493 mecum

431 3551 581 3637 delicatis,
609 3567 641 3624 et
661 3579 700 3625 ne
722 3581 739 3624 a
762 3555 974 3626 misericordia
997 3554 1054 3626 Dei
1078 3552 1296 3650 multiplicibus

430 3685 566 3780 peccatis
582 3686 661 3756 meis
679 3686 878 3783 exigentibus
896 3687 1042 3760 excludar
1056 3684 1296 3757 misericorditer

430 3815 536 3886 oretis.
590 3818 819 3916 Omnipotentis
848 3820 904 3890 Dei
933 3819 1097 3890 clementio
1123 3817 1294 3888 dilectissi-

431 3975 512 4019 mam
536 3948 607 4020 mihi
632 3950 764 4022 animum
795 3966 932 4024 vestrum
962 3979 1018 4024 suo
1044 3977 1144 4047 regnu
1168 3949 1292 4046 dignam
