3050 5040
410 655 429 720 8
622 679 1048 725 urrsrmnnmnmrrtosmun.

408 851 440 906 et
456 839 596 908 infernus
612 854 813 910 venerentur.
828 841 913 935 cujus
932 839 998 911 aula
1016 838 1096 908 nulla
1113 847 1269 906 vetustate

408 969 595 1052 absumitur,
632 972 713 1041 nulla
747 971 936 1042 immunditia
972 971 1176 1041 decoloratur.
1231 967 1267 1035 Ei

410 1102 501 1195 igitur
522 1103 673 1173 servimus
691 1105 741 1200 qui
760 1104 874 1200 ubique
896 1118 961 1184 cst3
986 1103 1024 1172 ibi
1043 1102 1196 1171 servimus
1216 1099 1268 1168 ubi

410 1233 481 1303 nihil
504 1235 695 1306 immundum
718 1251 776 1307 est.
830 1235 1060 1306 Choruseantes
1082 1257 1216 1328 gemmae
1237 1245 1270 1300 et

410 1366 550 1436 micantia
581 1368 703 1437 metalla
738 1367 805 1465 ipso
832 1367 896 1436 sole
932 1365 1127 1436 ineffabiliter
1157 1363 1270 1433 clarius

410 1497 555 1593 fulgentia
582 1497 814 1570 inhabitantium
833 1498 984 1592 detegunt
1007 1496 1112 1578 corda,
1136 1494 1270 1592 produnt

410 1631 539 1714 occulta,
560 1645 760 1702 remunerant
779 1645 895 1712 sancta,
914 1631 1123 1701 condemnant
1140 1628 1265 1725 probra.

320 1835 322 1840 ,
410 1763 500 1833 Nulla
517 1763 557 1833 ibi
580 1764 691 1834 vestita
707 1763 757 1832 vel
779 1764 881 1834 clausa
898 1764 949 1833 ubi
966 1789 1002 1835 ea
1016 1764 1067 1833 lux
1085 1762 1182 1856 fulget
1198 1784 1268 1857 quae

411 1895 561 1966 illuminet
592 1921 717 1966 omnem
748 1895 905 1966 hominem
930 1897 1108 1967 venientem
1133 1895 1165 1963 in
1189 1893 1269 1962 hunc

411 2025 1268 2124 mundumcujustantaclaritasestutpertingatusque

410 2156 448 2226 ad
458 2157 640 2228 divisionem
650 2160 760 2230 animae
773 2173 806 2229 et
815 2160 950 2257 spiritus.
979 2159 1022 2230 lbi
1032 2159 1079 2229 illa
1089 2157 1269 2229 immortalis

410 2316 462 2360 ara
488 2289 526 2360 ad
550 2318 643 2389 quam
665 2291 827 2362 desideras
852 2292 1036 2369 ascendere,
1065 2317 1136 2361 cum
1161 2290 1269 2384 angitis

411 2420 584 2502 deservire,
606 2423 754 2519 cujusque
772 2425 994 2522 participationi
1013 2423 1120 2494 sociari
1142 2423 1265 2520 quaeris.

413 2555 542 2652 Suspice
578 2555 683 2626 altaris
714 2556 943 2627 excellentiam.
981 2571 1013 2626 et
1049 2557 1171 2654 respice
1208 2570 1268 2625 tuae

412 2689 513 2758 carnis
546 2688 767 2759 infirmitatem.
829 2691 896 2760 Hoc
930 2690 960 2758 in
998 2689 1084 2759 altari
1121 2701 1270 2758 mactatur

413 2819 565 2904 Christus3
585 2821 644 2892 hoc
664 2822 694 2891 in
717 2821 802 2892 altari
821 2821 933 2892 Christi
956 2847 1070 2918 corpus
1091 2835 1123 2892 et
1145 2820 1269 2915 sanguis

413 2949 626 3036 conficiuntur,
646 2952 744 3050 panis,
766 2951 907 3049 inquam,
930 2978 1025 3022 verus
1048 2952 1098 3049 qui
1124 2951 1163 3022 de
1191 2952 1270 3022 coelo

414 3084 575 3156 deseendit
607 3098 638 3156 et
668 3085 790 3182 praebet
823 3085 918 3155 vitam
947 3084 1072 3156 mundo.
1134 3084 1270 3155 Attende

414 3217 607 3312 evangelium
647 3231 678 3286 et
720 3219 788 3313 ejus
825 3217 992 3286 informare
1029 3216 1160 3286 veritate
1198 3244 1203 3283 :
1239 3215 1271 3284 Si

415 3348 522 3432 offers,
537 3349 645 3446 inquit,
661 3375 773 3418 munus
787 3362 872 3419 tuum
884 3347 923 3418 ad
936 3348 1044 3429 altare,
1059 3361 1091 3418 et
1103 3347 1144 3418 ibi
1160 3372 1273 3418 recor-

416 3479 505 3550 datus
523 3479 617 3549 sueris
634 3479 704 3576 quia
720 3479 816 3550 frater
834 3493 904 3549 tuus
921 3478 1016 3550 habet
1026 3479 1137 3576 aliquid
1153 3478 1274 3550 adver-

417 3637 485 3680 sum
499 3623 540 3693 te,
557 3611 696 3708 relinque
715 3637 828 3680 munus
842 3624 928 3680 tuum
947 3624 1019 3680 ante
1036 3611 1132 3680 altare
1150 3624 1181 3680 et
1194 3611 1274 3682 vade

417 3739 605 3810 reconciliari
619 3739 705 3810 sratri
719 3753 783 3826 tue,
797 3753 908 3811 ettunc
921 3740 1062 3825 veniens,
1080 3741 1195 3811 offeres
1209 3768 1278 3812 mu-

417 3899 476 3942 nus
494 3887 588 3942 tuum.
643 3877 713 3944 Non
731 3875 824 3970 igitur
841 3873 938 3944 audes
955 3874 1069 3944 offerre
1087 3901 1199 3945 munus
1212 3901 1276 3944 non
