3050 5040
396 683 441 754 54
610 713 747 760 nersrorn
757 713 890 760 urrunnu
905 716 1038 761 casinen.

396 875 446 946 Ad
465 900 542 972 quas
562 901 567 941 :
585 875 654 968 Ego
671 873 873 959 Christianus,
888 875 1023 974 inquam,
1042 902 1122 959 sum,
1137 889 1252 946 vestrae

396 1004 564 1076 sanctitatis
576 1028 697 1076 servus.
751 1003 794 1074 At
811 1003 878 1074 illa:
896 1007 978 1089 Non,
994 1006 1101 1103 inquit,
1122 1005 1161 1077 de
1178 1006 1253 1078 reli-

397 1137 488 1232 gione
516 1149 583 1219 tua,
614 1133 670 1205 sed
700 1133 740 1204 de
769 1135 916 1231 dignitate
944 1161 1072 1234 quaer03
1098 1136 1176 1207 aliud
1205 1150 1253 1207 est

396 1270 478 1340 enirn
498 1269 629 1364 dignitas
648 1295 708 1366 qua
728 1283 861 1340 caeteros
885 1269 1023 1349 excellis
1044 1269 1122 1341 aliud
1148 1269 1254 1366 religio

397 1428 456 1498 qua
470 1403 537 1470 Deo
549 1400 688 1494 alligatus
700 1425 745 1470 es.
773 1403 859 1472 Tunc
872 1401 1107 1496 subintelligens
1120 1400 1200 1498 quod
1213 1400 1253 1470 de

397 1533 574 1630 episcopatu
584 1532 698 1602 laceret
710 1531 1193 1629 quaestionem,erubuiconlrteri
1204 1544 1254 1600 rn'e

397 1665 587 1762 episcopum,
604 1689 643 1734 ne
660 1665 710 1734 tali
724 1664 917 1762 professione
930 1663 1114 1759 arrogantiae
1132 1677 1256 1733 notarer

397 1795 519 1866 invidia.
574 1794 617 1864 At
633 1794 682 1864 illa
700 1795 764 1864 suis
782 1795 930 1864 insistens
942 1793 1252 1892 percunctationibus

398 1926 500 2024 adepti
525 1925 704 2020 dignitatern
722 1924 813 1995 ollrcii
835 1924 892 1994 sibi
914 1924 1047 2023 apperiri
1065 1924 1256 2021 frequentius

399 2057 553 2152 exigebat.
606 2057 692 2126 Tune
705 2080 765 2150 ego
779 2081 867 2125 rneos
881 2067 1009 2126 conatus
1025 2056 1149 2126 minirne
1162 2079 1255 2152 posse

398 2188 494 2259 latere
512 2188 706 2285 conspiciens
722 2217 728 2258 :
744 2190 879 2272 Nomen,
895 2188 1029 2285 inquarn,
1046 2185 1180 2284 episcopi
1197 2209 1257 2255 ve-

400 2320 556 2404 nerabilis
569 2320 702 2404 domina,
717 2319 860 2415 indignus
870 2332 970 2416 porto.
999 2318 1141 2388 Tuncilla
1155 2345 1161 2386 :
1173 2315 1258 2386 Scie-

399 2455 482 2536 bam,
502 2453 609 2551 inquit,
629 2454 823 2548 ejurentute
845 2465 894 2522 tua
913 2450 1065 2549 usquead
1084 2462 1257 2547 praesentes

401 2586 570 2656 senectutis
587 2600 648 2656 tuae
672 2611 778 2668 canos,
798 2597 829 2654 te
848 2581 1090 2654 sacerdotalibus
1110 2580 1257 2650 militasse

401 2716 525 2801 officiis3
545 2740 655 2786 vorurn
673 2716 881 2786 intermunus
900 2728 978 2798 tuas,
1000 2713 1082 2784 unde
1100 2711 1258 2783 Ovidianae

404 2849 552 2920 falsitates
569 2862 601 2918 et
619 2847 793 2943 Virgilianae
807 2847 1063 2918 adinventiones?
1080 2844 1260 2915 indecenter

406 2982 488 3052 enirn
506 2981 617 3052 eodern
636 3005 690 3050 ore
714 2979 854 3050 Christus
870 2978 1065 3076 praedicatur,
1086 2991 1117 3046 et
1134 2975 1260 3046 Ovidius

345 3139 349 3146 ·
405 3113 560 3198 recitatur,
579 3138 637 3184 nee
654 3138 708 3184 cor
725 3125 810 3183 recte
823 3111 982 3206 Evangelii
995 3109 1158 3180 veritatem
1177 3132 1263 3205 prae—

404 3245 494 3330 dicat,
515 3244 597 3342 quod
616 3257 777 3342 poetarum
796 3244 1004 3315 obscenitates
1028 3241 1174 3338 inquirat;
1200 3265 1262 3310 non

405 3392 454 3448 est
467 3405 563 3476 purus
578 3406 594 3449 a
609 3378 776 3476 pollutione
793 3376 897 3472 llagitii
909 3376 959 3472 qui
975 3374 1160 3470 flagitiorum
1172 3384 1262 3444 cantu

405 3511 585 3582 delectatur.
625 3510 680 3580 Tui
699 3509 865 3580 recordare
881 3507 983 3592 officii,
1004 3521 1035 3577 et
1055 3505 1137 3604 quod
1151 3505 1265 3574 imino-

406 3643 467 3726 las,
500 3657 532 3712 et
556 3642 603 3712 cui
634 3640 774 3710 irnrnolas
802 3640 932 3736 irnpigro
957 3639 1067 3733 colligo
1096 3635 1262 3716 intellectu3

408 3799 468 3842 non
498 3771 607 3842 animal
639 3771 779 3842 irnrnolas
806 3770 1020 3868 corruptibile,
1053 3767 1109 3838 sed
1141 3767 1266 3860 rignum

407 3918 559 3975 aeternum
578 3903 723 4001 quitollit
743 3916 868 4001 peccata
886 3902 990 3973 mundi
1009 3915 1039 3972 et
1056 3899 1156 3970 reddit
1172 3897 1267 3967 vitani
