3050 5040
437 719 572 766 rrrsronn
590 719 725 774 nonarum
741 719 875 765 nosmear.
895 764 902 782 ,
1041 691 1086 766 27

276 873 476 947 EPISTOLA
490 879 572 948 XIV.
589 921 638 932 -
648 876 696 948 Ao
709 879 851 948 lucurruu
869 879 1049 948 Wnnmucu

564 1002 598 1046 m
616 978 743 1047 Srauuu.

247 1122 414 1194 Hnnauaros
428 1126 551 1196 lucurro
568 1126 730 1194 Wunmuo
742 1149 776 1194 nr
794 1125 891 1194 Smuo
909 1149 1069 1196 arrarum.

279 1273 361 1342 Meae
389 1273 499 1344 animae
524 1273 696 1344 anxietates
717 1273 871 1370 patienter
897 1272 1089 1345 dissimulare

230 1429 294 1472 non
317 1428 462 1500 possum,
488 1418 519 1475 ct
542 1405 654 1502 quibus
680 1431 755 1476 uror
772 1405 902 1475 interius
930 1404 1087 1490 flammas,
1132 1409 1136 1419 '

231 1535 370 1604 exterius
383 1535 487 1605 vultus
496 1535 628 1632 judicat3
642 1521 798 1606 nonenim
813 1562 872 1632 ego
887 1563 955 1606 sum
969 1562 1008 1606 ex
1017 1537 1090 1608 illo-

230 1691 301 1734 rum
322 1665 480 1736 hominum
498 1692 614 1762 genere
635 1667 686 1764 qui
709 1667 739 1736 in
762 1666 856 1738 corde
879 1679 910 1736 et
931 1666 1025 1738 corde
1041 1669 1090 1738 lo-

230 1810 377 1894 quuntur,
394 1798 450 1869 sed
468 1799 551 1896 quod
569 1799 651 1869 intus
669 1799 820 1896 concipio,
840 1799 985 1870 continuo
1004 1813 1092 1870 extra

230 1927 326 1999 facies
350 1941 381 1998 et
403 1954 508 2000 sermo
528 1930 715 2028 parturiunt.
768 1931 904 2001 Maxime
926 1931 956 2000 id
974 1931 1093 2001 contin-

231 2059 277 2155 git
293 2087 363 2130 cum
381 2086 417 2131 ea
435 2087 505 2158 quae
523 2073 622 2132 tracto
639 2086 678 2130 ex
696 2086 803 2132 amore
819 2061 959 2133 veritatis
976 2074 1008 2132 et
1022 2063 1093 2159 jus-

229 2193 305 2264 titiae
327 2220 377 2264 me
399 2193 509 2265 initiari
533 2220 738 2290 recognosco.
791 2195 872 2266 Volo
889 2195 1009 2280 ludere,
1035 2195 1091 2265 sed

232 2353 296 2397 non
314 2327 345 2396 in
359 2328 454 2400 rebus
464 2327 534 2412 Dei,
550 2329 638 2424 cujus
652 2328 731 2398 oculi
744 2328 858 2425 ubique
873 2341 944 2398 sunt
960 2341 991 2398 et
1006 2330 1093 2425 cujus

231 2460 387 2530 sermonis
396 2459 554 2544 vivacitate,
567 2472 744 2530 nostrarum
753 2459 877 2530 intuens
890 2460 1093 2530 intentionum

231 2590 393 2676 medullas
409 2591 557 2689 pertingit
569 2611 668 2690 usque
686 2592 724 2662 ad
740 2591 924 2663 divisionem
936 2592 1047 2662 animae
1061 2607 1092 2664 et

233 2724 368 2821 spiritus
424 2724 500 2795 lnde
524 2724 631 2810 timor,
661 2724 717 2795 sed
749 2724 864 2795 utinam
902 2730 1026 2794 tantus?
1058 2739 1092 2796 ut

232 2855 295 2926 mei
311 2856 451 2953 corporis
473 2869 505 2926 ct
523 2855 652 2952 ignaviae
673 2856 910 2927 somnolentiam
931 2856 1090 2940 excitaret,

233 3014 396 3087 meamque
420 2988 607 3085 vigilantiam
632 2988 744 3060 divinis
766 2989 912 3086 operibus
935 2988 1093 3060 sufficien-

232 3135 298 3192 tem
314 3120 471 3192 redderet.
525 3120 647 3190 Initium
661 3119 838 3218 sapientiae,
861 3119 958 3216 inquit
975 3121 1094 3218 sapien-

232 3253 288 3338 tia,
308 3252 401 3323 timor
421 3252 559 3338 Domini,
583 3264 615 3322 et
631 3253 742 3322 beatus
760 3251 811 3349 qui
827 3251 915 3323 timet
930 3255 1042 3337 Deum,
1063 3265 1095 3322 et

234 3388 266 3458 in
290 3386 442 3457 mandatis
473 3387 540 3483 ejus
569 3385 652 3483 cupit
678 3385 778 3455 nimis.
805 3387 877 3455 Non
903 3400 985 3458 amat
1011 3388 1096 3455 Deus

234 3519 356 3618 tepidos
373 3519 404 3589 in
422 3518 548 3590 servitio
571 3544 642 3600 suo,
667 3517 718 3614 qui
740 3518 831 3588 amati
854 3516 992 3615 discipuli
1009 3517 1096 3588 veri-

232 3652 300 3722 dica
322 3651 460 3722 doctrina
481 3650 602 3721 cuidam
623 3650 735 3744 ignavo
756 3663 787 3720 et
807 3648 975 3744 negligenti
997 3649 1096 3720 taliter

232 3783 437 3855 comminatur
465 3812 471 3852 :
501 3783 625 3853 Utinam
642 3808 731 3853 esses
747 3781 863 3853 calidus
883 3794 934 3853 aut
953 3781 1092 3877 frigidum

233 3915 293 3988 sed
312 3916 381 4014 quia
399 3915 521 4014 tepidus
536 3942 587 4000 ee,
609 3915 751 4014 incipiam
769 3928 800 3986 te
821 3940 968 3986 evomere
983 3940 1021 3984 ex
1041 3940 1095 3984 ore
