3038 5036
424 688 493 760 ‘dll
543 716 644 762 llLllElll
662 717 767 762 emonis
784 717 998 762 ctnrunulnnsrs
1016 717 1162 763 EPlSTOLAE.

423 870 569 941 bonilatis
600 887 717 942 vestrae
754 897 811 970 per
846 872 1078 946 dilectissimum
1114 872 1280 943 Dominum

424 1029 538 1088 meum,
560 1020 725 1101 cognatum
748 1020 899 1090 vestrum,
919 1007 1121 1104 praesenlium
1138 1006 1282 1089 latorem,

424 1136 618 1218 Balduinum,
639 1153 700 1208 tam
717 1140 791 1210 vitm
808 1165 900 1236 quam
918 1139 1031 1234 ingenii
1049 1137 1205 1209 laudabilis
1221 1138 1287 1208 ele-

424 1271 532 1353 rieum,
557 1271 628 1341 mihi
648 1271 785 1355 aolidem
810 1295 934 1342 omnem
957 1272 1071 1342 mentis
1091 1296 1170 1341 meae
1188 1270 1286 1366 vigo-

424 1427 492 1472 rem
518 1402 548 1471 in
568 1401 803 1472 venerationem
827 1416 858 1472 et
882 1426 1020 1472 amorem
1042 1399 1138 1470 vestri
1163 1399 1286 1469 sortiter

426 1532 579 1604 excitavit.
639 1534 707 1600 Neo
733 1531 884 1625 ignoratio
915 1531 1019 1600 vultus
1047 1529 1160 1601 vestri.
1190 1554 1286 1626 quem

426 1691 581 1762 nunquam
603 1663 674 1748 vidi,
699 1689 838 1734 amorem
861 1689 965 1733 meum
984 1688 1060 1758 ergo
1078 1688 1136 1732 vos
1158 1661 1283 1744 minuit3

426 1798 495 1896 quia
514 1799 605 1868 talem
619 1824 676 1868 vos
692 1823 763 1867 esse
777 1796 883 1882 oredo,
898 1798 1021 1894 qualem
1035 1823 1084 1866 me
1098 1797 1198 1894 ipsum
1212 1821 1286 1864 esse

426 1929 571 2002 desidero
588 1958 593 1998 :
610 1955 681 1999 nam
699 1953 805 1998 amore
816 1929 942 2024 justitiae
956 1955 1013 1999 vos
1028 1953 1120 2026 spero
1134 1926 1283 2022 ssagrare;

364 2045 366 2048 ⁵
426 2061 508 2157 quod
527 2073 560 2131 ut
578 2086 649 2156 ego,
673 2061 859 2158 quandoque
880 2061 984 2130 Sancti
1008 2060 1140 2158 Spiritus
1158 2060 1283 2130 favente

427 2193 535 2288 gralia,
559 2193 661 2263 faeere
680 2193 811 2276 valeam,
833 2220 891 2263 vos
908 2207 982 2290 pelo
1002 2207 1034 2262 ut
1052 2218 1109 2290 pro
1126 2217 1177 2262 me
1194 2217 1286 2262 orare

426 2324 604 2420 dignemlni.
658 2327 769 2422 Neque
784 2325 866 2394 enim
884 2324 998 2395 idcirco
1016 2323 1168 2422 meipsum
1184 2324 1287 2394 minus

427 2483 508 2542 amo,
527 2457 597 2554 quia
618 2457 813 2556 corporalem
839 2457 949 2562 faciem
971 2483 1072 2528 meam
1096 2481 1158 2526 non
1174 2455 1283 2539 vide03

422 2590 519 2686 igitur
536 2591 594 2661 etsi
613 2603 827 2687 tegumentum
842 2590 952 2661 animae
969 2603 1084 2660 vestrae
1098 2589 1205 2660 videre
1223 2615 1286 2660 non

428 2749 565 2820 possum,
582 2722 665 2820 quod
678 2736 727 2793 est
738 2722 868 2794 mortale
886 2748 1011 2820 corpus,
1032 2723 1073 2793 ibi
1089 2749 1148 2794 vos
1165 2721 1286 2792 intueor

427 2855 479 2926 ubi
496 2855 702 2927 immortalem
719 2856 889 2927 bonitatem
910 2854 940 2924 in
961 2855 1050 2926 vobis
1067 2854 1174 2950 vigere
1191 2854 1287 2926 credo

429 3002 460 3058 et
474 2987 605 3058 firmiter
622 3013 726 3086 spero,
747 3001 876 3086 propter
893 3013 983 3084 quem
997 3013 1055 3056 vos
1072 2985 1175 3082 diligo.
1229 2987 1287 3056 Su-

430 3119 536 3216 scipiat
558 3144 633 3214 ergo
655 3119 753 3216 pietas
769 3132 885 3200 vestra,
905 3117 1168 3188 desideratissime
1185 3131 1284 3214 pater,

430 3251 460 3321 in
487 3277 598 3321 munus
629 3264 804 3322 sanctarum
834 3250 1006 3346 orationum
1035 3265 1210 3320 vestrarum
1235 3273 1287 3318 me

429 3407 598 3481 pauperem
622 3395 654 3454 et
669 3382 839 3479 indignum,
865 3394 896 3452 et
917 3381 1000 3452 omni
1019 3381 1132 3452 virtute
1153 3380 1289 3452 desolu-

430 3529 510 3599 tum3
527 3529 560 3586 ut
577 3515 819 3587 misericordiam
837 3513 1005 3586 conditoris
1018 3539 1138 3611 quama
1155 3538 1204 3582 me
1218 3537 1288 3584 mea

430 3663 572 3719 removet
593 3649 746 3748 iniquitas,
772 3648 886 3720 vestris
905 3647 1050 3747 precibus
1070 3646 1187 3744 placata
1209 3644 1305 3714 illius¹

430 3779 501 3850 mihi
514 3781 653 3852 conserat
666 3780 851 3876 benignitas.
905 3781 985 3850 Nam
998 3803 1129 3875 gemens
1140 3801 1176 3848 ao
1190 3775 1289 3872 suspi-

430 3936 502 3982 rans
515 3911 594 3997 dico,
609 3913 691 4010 quod
704 3913 815 3984 misera
829 3938 918 3982 mens
931 3936 1000 3982 mea
1014 3937 1084 4008 quae
1098 3909 1136 3980 ad
1152 3933 1286 4006 superna
