3050 5040
419 651 439 718 2
627 675 762 719 nersromc
780 675 914 720 narramur
931 677 1063 722 cosmon.

418 857 484 900 rum
502 831 677 915 distractus
694 847 754 902 tuae
771 834 975 904 correctionis
988 859 1153 904 censuram
1169 844 1276 901 atten-

417 963 886 1062 derchactenusminimepotui.
925 961 1275 1062 quuemecumsaepius

417 1096 560 1180 revolvo,
574 1110 607 1166 ut
622 1096 674 1193 qui
692 1096 828 1192 juvenile
846 1097 942 1166 robur
956 1095 1160 1193 perdiderim,
1176 1092 1276 1164 aetatis

416 1227 547 1324 ineptias
565 1228 758 1298 senescentis
779 1255 842 1298 non
865 1227 998 1298 debeam
1015 1241 1163 1299 annotare
1182 1250 1274 1295 meo-

417 1385 485 1426 rum
508 1384 723 1428 successorum
750 1357 887 1454 judicie,
914 1384 983 1455 quae
1018 1359 1100 1428 enim
1126 1357 1275 1427 hactenus

416 1491 600 1587 scriptitavi,
627 1492 727 1562 omnia
753 1491 895 1562 manibus
917 1492 1020 1590 elapsa
1042 1491 1120 1560 meis
1144 1488 1274 1587 perenni

417 1621 537 1692 silentio
556 1623 694 1720 sepelivi.
748 1622 829 1706 Quid
847 1623 939 1718 igitur
957 1623 1085 1718 exigisa
1103 1647 1179 1691 sene
1193 1617 1274 1717 quod

376 1783 380 1794 ·
416 1754 593 1848 neglectum
613 1754 802 1824 condemnas
819 1781 836 1823 a
852 1755 991 1849 juvene?
1006 1755 1111 1826 elloeto
1129 1777 1271 1850 corpore,

416 1899 532 1956 marcet
541 1886 671 1970 animus,
682 1911 739 1955 nec
749 1886 832 1955 tenui
844 1887 956 1956 mentis
969 1887 1130 1958 vivacitate
1143 1885 1274 1956 archana

417 2017 628 2115 phylosophiae
639 2031 793 2115 penetrat,
814 2043 907 2115 quem
921 2019 1087 2089 conlractae
1100 2018 1199 2088 aetatis
1212 2016 1274 2086 de-

416 2149 577 2219 liramenta
604 2150 775 2220 incurvant.
829 2151 914 2221 Abiit
940 2151 1111 2246 juventutis
1131 2151 1221 2246 vigor
1243 2164 1274 2219 et

416 2280 564 2352 taediosus
580 2296 688 2380 torpor
708 2283 849 2354 membra
870 2283 993 2354 obsidet
1014 2283 1134 2367 senilia;
1153 2283 1275 2353 annosi-

415 2427 511 2483 tatem
528 2428 696 2511 provectus
717 2416 756 2485 ad
777 2417 1025 2512 sexagenariam,
1046 2415 1272 2513 praeteritarum

414 2547 559 2617 articulos
577 2561 702 2618 aetatum
716 2575 794 2646 quos
811 2562 1010 2646 peccatorum
1028 2548 1138 2618 sordes
1157 2549 1273 2618 obseu-

415 2694 495 2762 rant‚
516 2705 732 2751 successorum
750 2682 876 2752 auribus
893 2681 1063 2752 audiendos
1076 2680 1201 2750 minime
1218 2681 1272 2775 ju-

415 2810 499 2894 dico;
520 2811 635 2881 latuum
658 2823 707 2880 est
730 2811 812 2881 onim
830 2812 937 2882 verbis
959 2812 1156 2882 innotescere
1178 2811 1270 2891 velle,

415 2967 508 3039 quem
525 2943 754 3040 praeteritorum
776 2943 876 3012 series
899 2957 1021 3013 actuum
1043 2943 1193 3013 illustrem
1211 2969 1271 3012 non

415 3073 526 3144 reddit.
580 3075 719 3146 Ridenda
745 3089 795 3145 est
819 3076 867 3146 illa
890 3076 1019 3146 Romani
1038 3075 1122 3144 mimi
1146 3074 1270 3156 facetia,

415 3235 431 3277 a
449 3235 620 3305 quoquam
640 3221 835 3306 quaereretur
853 3234 908 3278 cur
924 3210 1053 3278 Romam
1072 3206 1270 3277 incendisset.

415 3339 585 3436 intrepidus
603 3338 781 3436 respondit:
796 3338 873 3422 Quia
891 3338 981 3408 bonis
1002 3339 1197 3408 innotescere
1212 3363 1273 3408 non

416 3484 566 3568 poteram,
587 3471 748 3542 innotesco
765 3471 815 3540 vel
834 3471 931 3540 malis.
985 3473 1072 3554 Haec,
1090 3471 1195 3552 frater,
1212 3495 1273 3539 non

416 3617 465 3673 est
485 3630 553 3675 mea
570 3604 734 3687 sententia,
754 3603 804 3700 qui
824 3603 854 3672 in
872 3603 992 3700 privato
1010 3604 1110 3700 potius
1128 3603 1275 3674 tenebras

415 3748 611 3832 peccatorum
630 3735 710 3830 elegi
727 3735 891 3833 deplorare
905 3747 997 3831 'quam
1016 3735 1137 3833 publice
1158 3733 1274 3804 falera-

417 3882 463 3938 tas
480 3869 635 3938 orationes
659 3868 850 3952 declamaro;
875 3867 1018 3964 quoniam
1039 3894 1099 3938 non
1128 3867 1274 3963 cloquen-
