3050 5040
455 744 589 788 rusromn
603 745 735 789 rinnonnn
749 745 881 790 cosmoe.
1053 724 1097 792 25

237 891 312 962 laris
336 897 450 970 athleta
469 902 579 972 Paulus
593 902 690 972 nostri
710 902 820 972 inimici
839 903 923 972 vires
940 904 1099 974 ellemina-

239 1035 287 1093 tas
313 1028 503 1103 sufficienter
527 1035 673 1118 noverat,
703 1061 834 1131 quarum
859 1034 1022 1131 dejectioni
1051 1037 1097 1106 sui

241 1155 385 1257 triumphi
406 1189 536 1236 securus
557 1167 722 1238 victoriose
741 1167 909 1265 exprobrat
932 1195 938 1235 :
967 1170 1098 1251 Bonum,

242 1287 359 1386 inquit,
380 1311 538 1369 certamen
562 1301 695 1384 certavi,
723 1325 847 1371 cursum
877 1301 1098 1383 consummavi,

244 1422 339 1496 fidem
349 1432 488 1516 servavi;
503 1432 541 1503 de
556 1433 676 1530 reliquo
694 1433 828 1530 reposita
843 1447 891 1503 est
903 1433 973 1503 mibi
988 1460 1101 1504 corona

238 1557 381 1652 justitiae‚
413 1589 505 1661 quam
537 1565 648 1636 reddet
675 1565 747 1636 mihi
776 1565 926 1635 Dominus
957 1565 987 1635 in
1016 1566 1099 1636 illum
1133 1562 1136 1572 Α

242 1688 326 1762 diem
339 1695 442 1789 justus
450 1697 562 1793 judex3
583 1711 614 1768 et
632 1697 700 1768 alibi
716 1725 722 1766 :
739 1696 815 1768 Mihi
833 1697 940 1768 vivere
960 1697 1101 1769 Christus

242 1835 303 1904 est,
328 1837 359 1893 et
380 1826 457 1896 mori
479 1827 608 1898 lucrum.
661 1830 797 1897 Narrant
819 1828 872 1898 tibi
894 1828 986 1925 iniqui
1009 1828 1100 1898 sabu-

242 1951 373 2024 lationes
391 1983 473 2042 suae,
494 1958 549 2029 sed
568 1973 601 2030 tu
623 1959 744 2029 innixus
762 1959 931 2030 Dominicae
950 1941 1101 2058 passionis

242 2083 338 2178 ligno,
361 2113 454 2185 super
478 2089 618 2187 aspidem
641 2103 673 2160 et
697 2091 857 2161 basilicum
877 2091 1048 2162 ambulabis
1069 2106 1102 2161 et

242 2218 435 2290 conculcabis
462 2222 585 2293 leonem
615 2237 647 2294 et
672 2223 864 2310 draconem
885 2239 916 2295 ct
943 2224 1055 2296 cadent
1083 2252 1101 2302 a

243 2349 339 2420 latere
352 2365 404 2423 tuo
420 2354 502 2425 mille
520 2367 552 2426 et
568 2355 678 2426 decem
694 2356 785 2426 millia
803 2383 820 2426 a
837 2355 954 2426 dextris
972 2355 1042 2440 tuis,
1062 2355 1101 2426 ad

243 2496 274 2553 te
292 2499 393 2556 autem
411 2513 473 2558 non
486 2488 783 2586 appropinquabunt.
837 2487 1005 2559 Fastidium
1018 2501 1102 2558 tem-

244 2617 328 2712 poris
351 2619 522 2705 exhorres,
551 2620 607 2691 scd
629 2634 691 2690 tuae
718 2619 922 2717 cxpectationi
944 2620 1103 2690 aeternitas

244 2751 476 2846 repromittitur.
529 2755 745 2851 Paupertatem
764 2753 866 2835 times,
886 2751 943 2822 sed
961 2752 1102 2824 Christus

242 2909 397 2980 pauperes
417 2885 527 2956 beatos
544 2886 687 2984 appellat.
741 2887 837 2955 Lauta
860 2884 967 2956 laudas
987 2887 1100 2956 convi-

243 3014 302 3097 via,
314 3015 382 3104 ¹sed
399 3041 481 3088 escae
493 3017 595 3088 ventri
613 3031 644 3087 et
658 3030 770 3088 venter
789 3017 881 3102 escis3
893 3019 982 3112 Deus
997 3031 1099 3088 autem

243 3159 275 3215 et
305 3145 374 3217 haec
399 3160 430 3217 et
454 3147 519 3218 illas
549 3147 700 3219 destruet.
756 3147 964 3219 Jucundarum
992 3175 1102 3220 recor-

241 3275 323 3347 daris
353 3277 529 3363 libidinum,
558 3291 589 3349 at
617 3292 737 3349 tuarum
766 3277 882 3349 deliciis
911 3278 1101 3378 voluptatum

240 3408 329 3503 vigor
361 3409 548 3506 apostolicus
575 3410 745 3507 respondet
781 3439 787 3479 :
823 3410 873 3507 qui
909 3411 1039 3481 seminat
1070 3411 1100 3480 in

240 3567 345 3628 carne,
366 3542 405 3612 de
427 3567 520 3613 came
542 3555 640 3612 metet
660 3542 907 3640 corruptionem;
924 3543 974 3640 qui
998 3555 1099 3611 autem

240 3675 372 3745 seminat
388 3675 419 3744 in
441 3674 559 3772 spiritu,
580 3675 619 3746 dc
643 3676 749 3773 spiritu
771 3687 868 3745 metet
888 3674 981 3743 vitam
1003 3687 1100 3743 aeter-

241 3834 323 3877 nam.
377 3807 489 3877 Gravia
510 3821 581 3878 sunt
605 3808 684 3892 baec,
708 3809 764 3879 sed
787 3808 898 3879 leviter
916 3819 1041 3904 superat
1063 3831 1098 3876 ea

242 3939 336 4008 timor
357 3937 465 4007 mortis
489 3952 520 4008 et
545 3966 632 4008 amor
655 3939 736 4010 vitae.
790 3942 860 4008 Non
883 3938 999 4036 poteris
1017 3939 1098 4034 quod

988 4072 1001 4118 -t
