3012 5040
413 733 525 778 osanam
542 733 577 778 nr
596 733 687 778 carna
704 733 854 778 nrrsronn.
998 713 1066 778 435

206 890 287 988 quod
312 892 365 961 tilii
390 906 488 974 corte,
521 892 697 964 reverende
727 907 827 990 pater,
856 919 916 963 non
939 895 1065 990 imputo,

206 1025 274 1120 quia
292 1039 390 1094 totum
413 1049 452 1095 ex
474 1026 579 1097 lomite
598 1029 751 1125 processit
771 1029 880 1098 alieno.
935 1028 1068 1098 Crimina

207 1156 278 1226 mihi
303 1158 379 1228 falso
406 1159 560 1256 imposita,
586 1161 786 1257 praecogitata
812 1161 973 1244 calumnia,
998 1175 1069 1232 sunt

207 1287 382 1373 adinventa,
404 1317 498 1388 qaum
519 1290 558 1360 dc
580 1291 754 1387 hujusmodi
773 1293 967 1363 accusatione
986 1292 1067 1362 idem

145 1448 147 1453 ¹
207 1421 377 1517 Gregorius
403 1422 431 1492 in
457 1422 524 1492 haec
549 1424 645 1493 verba
664 1423 778 1494 scribat
797 1423 904 1494 loanni
924 1423 1069 1520 episcopo

208 1555 424 1626 Panormitano
454 1584 459 1625 :
489 1556 521 1625 Si
545 1555 617 1653 quid
640 1555 679 1626 de
697 1581 881 1654 quocunque
898 1555 1010 1626 clerico
1032 1555 1069 1624 ad

207 1711 298 1756 aurcs
313 1700 380 1756 tuas
394 1687 537 1784 pervenit
552 1685 635 1784 quod
647 1700 677 1756 te
687 1687 769 1782 juste
784 1687 881 1784 possit
894 1686 1067 1758 ollenderc.

209 1816 293 1887 lacile
308 1845 369 1889 non
381 1818 503 1902 credas,
524 1844 583 1889 nec
600 1818 639 1889 ad
656 1818 821 1890 vindictam
839 1832 870 1889 tc
888 1844 941 1888 res
957 1844 1072 1889 accon-

210 1948 260 2019 dat
281 1950 445 2046 incognita.
499 1950 563 2021 Sed
586 1951 796 2048 praesentibus
818 1951 993 2022 senioribus
1016 1977 1072 2021 cc-

211 2081 313 2153 clesiae
328 2097 389 2154 tuae
408 2083 574 2180 diligenter
592 2098 641 2154 est
658 2085 774 2154 veritas
791 2083 1024 2182 perscrutanda
1041 2097 1072 2153 et

211 2227 282 2286 tunc
298 2216 324 2286 si
342 2217 472 2313 qualitas
489 2217 534 2288 rei
553 2217 741 2315 poposcerit,
760 2217 906 2288 canonica
924 2216 1073 2288 districtio

211 2347 330 2444 culpam
352 2348 441 2418 feriat
464 2347 682 2446 delinquentis,
737 2349 769 2418 Si
793 2347 844 2418 tali
869 2361 996 2418 tractata
1020 2373 1073 2417 ros

212 2479 319 2551 luisset
332 2480 583 2572 examinetanta
597 2507 659 2552 non
674 2481 889 2552 sustinuissem
908 2480 1073 2578 opprobria

211 2610 345 2683 fraterna
363 2613 536 2684 vexatione.
591 2613 681 2684 Unde
702 2614 815 2684 beatas
832 2612 1026 2707 Augustinus
1043 2611 1072 2682 in

211 2743 344 2840 quodam
362 2768 509 2814 sermone
527 2744 566 2814 de
581 2745 686 2815 verbis
704 2743 845 2842 Apostoli
863 2743 944 2813 inter
960 2757 1074 2813 caetera

211 2875 251 2946 ait
271 2903 277 2944 :
299 2877 422 2948 Caetera
441 2876 575 2974 pericula
596 2877 760 2974 quiescere
779 2888 920 2974 possunt,
940 2873 1075 2972 pericula

212 3033 228 3078 a
246 3007 329 3079 falsis
345 3009 491 3080 fratribus
508 3009 670 3107 quiescere
689 3033 788 3105 usque
809 3009 839 3078 in
857 3006 952 3078 finem
971 3005 1076 3077 saeculi

212 3163 273 3209 non
296 3153 461 3236 noverunt.
515 3137 653 3210 Credidit
675 3139 728 3209 tibi
748 3138 890 3210 Christus
912 3150 944 3208 et
963 3150 1076 3208 custo-

213 3272 357 3344 diendam
393 3272 547 3343 commisit
576 3273 709 3342 animam
745 3297 866 3355 meam;
902 3269 959 3341 sed
992 3268 1074 3366 quod

213 3405 296 3476 salva
313 3417 363 3474 toa
377 3403 553 3474 reverentia
566 3403 681 3474 dictum
696 3403 746 3487 sit,
762 3403 905 3500 luporum
920 3401 1076 3471 morsibus

214 3537 383 3635 exposuisti
406 3561 486 3607 cam.
539 3535 637 3606 Valde
662 3560 751 3630 ergo,
780 3548 880 3632 pater,
907 3532 1076 3604 timendum

215 3679 263 3737 est
283 3691 323 3736 nc
340 3665 421 3737 dicat
437 3665 491 3736 tibi
512 3665 664 3736 Dominus
689 3690 746 3763 per
769 3662 952 3762 prophetam
970 3691 976 3732 :
994 3665 1077 3733 San-

160 3787 163 3796 .
216 3798 340 3893 guinem
357 3799 424 3894 ejas
442 3797 482 3868 de
501 3823 593 3868 manu
611 3810 662 3867 tua
682 3796 847 3894 requiram.
902 3797 985 3866 Cave
1000 3821 1077 3889 ergo

215 3943 318 4001 notua
336 3929 491 4028 perditum
505 3929 540 4000 iri
559 3928 701 4000 videatur
718 3927 845 4012 incuria,
860 3952 930 4025 quae
948 3941 1076 4024 paterna
