3012 5040
428 741 440 805 l
451 741 495 805 38
633 762 744 806 inormi
764 762 798 806 nr
816 763 906 806 utini
926 763 1072 807 rrrsrorm.

424 945 505 988 mam
530 945 622 988 ovem
639 918 776 988 humeris
797 919 860 988 suis
879 919 1033 1015 imposuit,
1060 935 1089 988 et
1112 919 1148 989 ad
1172 945 1284 1016 pascua

424 1053 452 1121 in
471 1065 623 1122 aeternum
647 1053 788 1136 virentia,
811 1067 843 1122 ut
868 1079 935 1122 eam
959 1068 1080 1124 sanaret
1099 1054 1281 1150 reportavit.

423 1185 490 1254 Hoc
507 1184 608 1254 bonus
625 1198 741 1281 pastor,
760 1184 832 1255 boni
851 1185 983 1281 pastoris
1001 1185 1114 1256 lactum
1129 1185 1284 1255 universis

422 1317 597 1413 pastoribus
620 1315 741 1412 reliquit
764 1317 795 1386 iu
812 1317 999 1413 exemplum.
1052 1317 1130 1388 Vide
1151 1319 1282 1416 proinde

421 1448 492 1545 quid
516 1475 589 1544 erga
607 1474 670 1530 me,
692 1449 761 1544 quia
779 1461 810 1518 et
827 1446 926 1545 palam
943 1463 976 1518 et
997 1449 1027 1518 iu
1050 1449 1167 1520 occulta
1185 1448 1281 1520 fidem

421 1581 708 1678 semperintegram
724 1579 776 1650 tibi
788 1581 932 1650 servabo.
985 1583 1143 1678 Nusquam
1158 1595 1189 1651 et
1202 1608 1281 1652 nun-

420 1738 512 1809 quam
528 1728 598 1810 post
615 1725 722 1782 exorta
745 1711 887 1782 seandala
913 1713 1018 1810 lapsus
1036 1739 1104 1783 sum
1127 1714 1156 1782 in
1178 1715 1279 1784 verbo

419 1843 500 1914 unde
526 1869 575 1914 me
602 1843 737 1914 recolam
765 1856 849 1914 tuam
876 1843 1045 1914 offendisse
1068 1844 1276 1926 clementiam,

418 1991 470 2048 aut
481 1979 674 2073 majestatem
686 1976 784 2047 semel
797 1976 986 2048 imminuisse
1000 1991 1169 2074 paternam.
1203 1980 1280 2048 Om-

418 2108 561 2205 nipotens
578 2111 663 2179 Deus
680 2109 734 2178 det
757 2108 810 2178 tibi
833 2109 972 2206 spiritum
994 2110 1110 2180 consilii
1133 2124 1166 2180 et
1187 2110 1279 2180 lorti-

418 2239 541 2324 tudinis,
563 2255 597 2310 ut
614 2265 650 2310 ea
672 2239 826 2335 intelligas
844 2265 914 2337 quae
936 2241 988 2311 tibi
1009 2256 1083 2311 sunt
1103 2241 1274 2339 sequenda.

418 2385 449 2442 et
467 2347 563 2470 opere
582 2372 715 2444 fideliter
730 2372 859 2470 impleas
880 2397 952 2469 quae
968 2372 1007 2443 ad
1025 2373 1156 2444 salutem
1174 2373 1277 2471 pluri-

417 2532 538 2575 morum
562 2505 615 2576 tibi
640 2518 712 2576 sunt
732 2503 881 2575 facienda.
935 2505 1056 2575 Praesto
1081 2503 1180 2575 adhuc
1205 2532 1275 2575 sum

414 2664 484 2708 cum
504 2638 678 2709 obedientia
701 2651 733 2707 et
754 2636 923 2707 humilitate
946 2649 977 2706 te
1000 2637 1143 2708 venerari
1160 2649 1193 2706 ut
1216 2664 1276 2734 pa-

416 2784 516 2857 trem,
539 2784 570 2842 te
596 2783 779 2869 supportare
805 2783 838 2839 ut
861 2783 1003 2854 matrem,
1031 2783 1063 2839 et
1086 2795 1194 2867 puram
1219 2770 1272 2840 tibi

413 2901 564 2974 exhibere
582 2902 754 2985 amicitiam,
774 2914 802 2970 et
823 2901 892 2971 sine
910 2900 1113 2998 depressione
1129 2925 1273 2998 personae

414 3061 504 3120 mete,
528 3049 589 3107 tuae
605 3034 796 3134 paternitatis
811 3033 1048 3131 apprehendere
1069 3033 1269 3131 disciplinam.

413 3171 504 3251 Nam,
531 3183 563 3239 ut
590 3170 699 3239 beatus
721 3166 907 3236 Ambrosius
923 3165 965 3235 ait
988 3194 994 3235 :
1021 3166 1145 3236 Pietatis
1167 3179 1273 3236 custos

412 3302 540 3372 amicitia
567 3315 616 3372 est
644 3316 675 3372 et
699 3300 851 3398 aequitatis
877 3299 1039 3396 magistra,
1071 3315 1104 3372 ut
1131 3301 1273 3398 superior

411 3433 546 3504 inleriori
569 3460 603 3504 se
627 3433 770 3504 exhibeat
787 3432 950 3530 aequalem,
971 3431 1098 3501 inferior
1119 3432 1270 3529 superiori

410 3565 566 3636 humilem.
620 3567 705 3635 lnter
719 3564 859 3661 dispares
873 3563 954 3633 enim
971 3587 1076 3632 mores
1093 3589 1154 3632 non
1169 3575 1272 3660 potest

410 3723 482 3766 esse
500 3697 640 3780 amicitia,
661 3711 692 3768 et
709 3696 779 3766 ideo
795 3695 962 3766 convenire
984 3693 1080 3764 debet
1097 3694 1153 3766 sibi
1172 3695 1271 3764 utrius

409 3829 504 3924 gratia
519 3854 576 3899 nec
589 3830 754 3900 auctoritas
766 3827 847 3898 desit
859 3827 1006 3912 inferiori,
1020 3827 1045 3896 si
1056 3852 1108 3896 res
1120 3853 1271 3924 poposce-

408 3962 457 4046 rit,
475 3988 534 4032 nec
550 3961 704 4033 humilitas
717 3961 878 4058 superiori.
932 3958 1044 4030 Audiat
1058 3959 1143 4056 quasi
1158 3983 1271 4056 aequa-
