3038 5036
426 691 495 763 llll
635 716 747 760 osuttntt
765 715 799 760 uu
817 715 905 760 etant
924 717 1069 763 srtsrotffi.

422 875 580 973 occupavit
596 875 678 944 curis
696 873 840 956 diversis
860 875 974 971 pariter
991 888 1021 945 et
1038 877 1139 946 causis
1156 903 1282 947 manum

422 1034 523 1080 meam
548 1008 653 1078 invitat
677 1021 710 1080 ut
731 1007 863 1079 debeam
882 1009 1084 1080 ascribendo
1105 1009 1278 1094 retrahere,

421 1155 454 1212 et
470 1139 677 1212 resarciendis
694 1140 779 1237 peris
796 1140 942 1211 comitum
961 1166 1101 1212 meorum
1118 1157 1150 1213 et
1164 1143 1283 1214 baculis

422 1299 534 1344 novam
563 1271 730 1342 studiosius
759 1297 885 1370 operam
911 1271 997 1342 dare.
1056 1273 1120 1344 Sed
1147 1301 1222 1372 pura
1248 1290 1282 1345 et

421 1405 513 1476 nitida
540 1404 715 1476 devotionis
743 1417 805 1474 tuae
828 1403 994 1500 vigilantiae
1010 1404 1150 1476 hortatur
1172 1417 1204 1476 ut
1228 1407 1280 1476 vel

420 1537 559 1609 breviter
568 1535 679 1632 aliquid
690 1549 792 1606 tecum
800 1536 1005 1633 colloquendo
1019 1537 1201 1618 edisseram,
1215 1552 1276 1608 ete.

483 1901 683 1972 EPlSTOLA
705 1903 824 1970 XXXl.
838 1945 884 1952 —
899 1901 946 1970 An
951 1959 1204 1969 .....

466 2066 613 2137 Pretiosis
640 2066 736 2160 regiae
761 2065 928 2135 nativitatis
953 2079 1030 2149 tuae,
1061 2067 1108 2136 vir
1135 2066 1273 2148 illustris,

418 2196 689 2294 resplendentibus
713 2195 817 2280 radiis
842 2220 931 2293 spem
955 2197 1045 2267 nobis
1069 2196 1199 2267 infundit
1223 2211 1275 2267 tua

416 2327 579 2427 promissio
595 2340 690 2398 certae
707 2326 932 2398 consolationis.
989 2386 994 2394 .
1051 2387 1056 2396 .
1113 2387 1118 2396 .
1172 2328 1273 2424 Dilige

415 2459 578 2557 diligentes
591 2473 633 2544 te,
648 2474 691 2544 et,
705 2473 755 2530 eto
759 2517 1266 2530 .........

414 2590 540 2663 Custodi
563 2590 655 2686 igitur
672 2603 704 2660 et
721 2601 852 2686 protege
872 2613 922 2660 me
945 2614 984 2660 eo
1002 2589 1132 2674 honore,
1156 2591 1274 2688 pariter

416 2736 448 2794 et
480 2747 603 2807 amore,
634 2747 695 2818 quo
720 2721 750 2792 id
776 2722 949 2819 promereri
979 2721 1125 2793 desidero
1152 2736 1184 2792 et
1207 2748 1271 2820 quo

415 2855 549 2952 legitima
568 2856 640 2926 olim
663 2856 812 2926 servitute
832 2857 1042 2954 promeruisse
1065 2882 1128 2926 non
1150 2855 1267 2927 diffido.

415 2989 448 3058 Si
468 3014 518 3059 me
542 2989 732 3059 venerationi
756 2988 918 3072 habueriS,
942 2987 1041 3059 honor
1064 3003 1134 3060 tuus
1156 2989 1215 3060 erit
1237 3005 1271 3060 et

414 3119 521 3214 gloria,
540 3134 572 3192 et
593 3135 624 3192 te
647 3122 745 3218 magis
767 3133 896 3219 propter
917 3146 968 3192 me
988 3135 1051 3192 tota
1070 3122 1271 3193 venerabitur

414 3250 586 3347 Anglorum
604 3253 744 3324 eeclesia.

471 3486 673 3557 El’lSTOLA
689 3489 822 3556 XXXll.
844 3531 885 3538 —
897 3489 945 3558 An
962 3489 1202 3559 Cannuunntuuu.

461 3649 598 3720 Salutem
626 3651 679 3721 tibi
703 3650 928 3723 desideriorum
949 3678 1090 3723 meorum
1112 3651 1271 3747 diligentis

314 3829 317 3835 -
408 3776 537 3850 dextera
551 3779 647 3876 diligit
661 3783 740 3876 (stc),
754 3807 846 3879 quern
860 3796 891 3853 te
905 3783 1033 3880 diligere
1047 3808 1159 3854 serena
1173 3784 1270 3854 laoies

409 3921 440 3980 et
461 3911 595 4006 jucunda
617 3913 720 3985 vultus
742 3914 875 3984 ostendit
882 3975 1264 3984 ......
