3012 5040
414 705 483 772 t30
620 727 732 772 osaunrr
749 727 784 772 nr
802 726 892 772 cxxxx
911 725 1057 770 rrrsroxa.

412 911 503 982 quam
528 885 643 956 Tullius
669 884 814 956 exundat.
868 886 909 955 Et
933 883 1005 982 quid
1028 883 1106 954 illius
1129 880 1269 952 laudibus

413 1017 520 1088 laudes
536 1017 682 1087 innecto?
700 1015 773 1114 quid
790 1016 885 1113 ipsius
902 1016 1059 1087 favoribus
1072 1015 1194 1086 favores
1210 1039 1269 1109 ap-

413 1155 519 1247 pono?
553 1147 757 1220 Transcendit
790 1145 949 1218 scientiam
979 1145 1110 1216 bominis
1138 1142 1269 1215 dulcedo

412 1281 509 1380 ipsius
528 1294 560 1352 et
573 1281 706 1363 bonitas,
730 1293 763 1350 et
781 1279 947 1377 quemdam
965 1279 1101 1350 divinum
1120 1277 1195 1348 tanti
1211 1275 1269 1346 viri

413 1439 519 1484 mores
539 1413 689 1484 sentimus
714 1412 832 1510 spirare
854 1437 1006 1510 saporem.
1059 1410 1162 1481 Testis
1187 1407 1269 1478 enim

413 1545 485 1616 mihi
503 1557 553 1616 est
569 1545 618 1616 itte
636 1544 683 1616 oui
700 1543 832 1614 bumana
848 1556 934 1641 patet
951 1544 1084 1642 abyssus
1097 1541 1178 1613 nuda
1189 1567 1269 1612 con—

413 1678 562 1762 scientiae,
593 1675 687 1775 quod,
713 1675 787 1747 dum
811 1676 879 1747 haec
906 1676 1080 1759 scribimus,
1106 1674 1204 1745 ssuunt
1229 1698 1270 1742 ex

412 1810 509 1881 oculis
525 1811 597 1894 vivi,
620 1823 653 1880 et
672 1809 770 1880 anxiis
787 1809 870 1879 curis
888 1821 1039 1879 exaestuat
1059 1833 1114 1878 cor
1134 1831 1271 1876 moerore

413 1939 599 2024 nomentum,
619 1940 762 2038 quoniam
786 1939 817 2009 in
842 1940 910 2036 ejus
931 1939 1070 2010 absentia
1088 1937 1201 2008 nullum
1225 1938 1271 2008 in-

413 2072 570 2143 festissimi
594 2072 709 2144 doloris
731 2073 859 2144 admitto
883 2074 1033 2144 solatium.
1087 2071 1150 2142 Sed
1175 2097 1269 2168 quum

414 2229 485 2274 eum
511 2205 647 2276 retinere
674 2231 736 2276 non
762 2205 883 2303 possint
908 2205 1060 2302 singultus
1085 2218 1117 2276 et
1141 2204 1271 2302 suspiria

414 2336 548 2432 graviter
585 2337 787 2422 afflictorum,
818 2363 920 2436 neque
948 2339 987 2409 ab
1014 2337 1126 2436 incepti
1154 2337 1271 2408 itineris

413 2491 560 2538 coercere
582 2480 634 2538 aut
662 2467 822 2538 retardare
851 2467 1026 2565 proposito,
1057 2467 1198 2563 Angelus
1219 2469 1270 2539 ille

412 2599 464 2698 qui
477 2601 568 2671 beato
582 2600 660 2698 patri
673 2601 779 2672 Tobiae
793 2601 823 2670 in
836 2601 1084 2699 peregrinatione
1097 2627 1151 2672 sua
1164 2625 1271 2672 comes

412 2731 586 2803 individuus
613 2734 724 2818 extitit,
758 2733 840 2804 bunc
869 2732 908 2804 ad
935 2733 1001 2804 loca
1030 2731 1204 2806 desiderata
1228 2735 1269 2806 ita

412 2889 564 2963 prospero
589 2890 682 2936 cursu
706 2863 873 2963 perducat,
903 2877 947 2949 ut,
975 2865 1109 2962 peractis
1138 2866 1271 2962 negotiis

413 2997 635 3096 completisque
652 2998 683 3068 in
701 3022 777 3096 pace
795 2995 970 3082 desideriis,
985 2996 1024 3068 ad
1036 2997 1176 3095 pupillos,
1191 3024 1272 3096 quos

413 3130 530 3226 absque
545 3144 632 3228 patre
642 3132 706 3226 jam
716 3129 846 3213 deserit,
864 3127 974 3224 gaudio
987 3129 1190 3226 centuplicato
1204 3128 1271 3199 teti-

412 3261 489 3333 citer
506 3261 631 3332 redeat!
648 3262 695 3332 Sit
711 3287 783 3333 cum
796 3261 846 3332 illo
856 3262 948 3332 Jesus
960 3259 1109 3332 sacerdos
1126 3286 1268 3356 magnus,

412 3394 463 3493 qui
477 3394 667 3491 insanguine
685 3395 875 3466 Testamenti
892 3393 998 3465 eduxit
1014 3393 1161 3492 populum
1179 3419 1270 3465 suum

414 3525 454 3598 de
473 3541 557 3598 terra
569 3527 710 3628 AEgypti,
730 3542 763 3598 et
779 3526 831 3624 qui
846 3525 989 3598 dextram
1001 3527 1031 3596 in
1042 3526 1118 3596 mari
1132 3527 1271 3625 porrexit

411 3661 505 3730 Petro
521 3660 687 3756 mergenti,
707 3685 796 3732 suum
814 3659 841 3730 ei
864 3657 1105 3730 misericorditer
1121 3658 1273 3730 adminis-

411 3804 473 3863 tret
484 3791 638 3877 auxilium,
655 3804 686 3863 et
699 3791 737 3862 ad
750 3803 894 3862 votorum
908 3817 1035 3863 suorum
1048 3790 1159 3888 dirigat
1171 3792 1272 3862 inore-

411 3936 561 3995 mentum.
614 3925 685 3994 Non
699 3923 811 4022 estqui
826 3923 885 3994 boc
895 3923 994 4019 magis
1007 3921 1166 3994 desideret
1178 3949 1271 4021 quam
