3038 5036
763 715 856 761 POEMA

577 869 961 939 Ergomanunidensosiierio,

576 978 651 1024 iiunc
661 971 838 1036 gauderetne
851 973 936 1022 certo.

578 1077 606 1122 ln
620 1072 762 1122 afflictione
774 1082 820 1120 sua

579 1175 627 1224 Fae
639 1171 802 1236 protectione
815 1173 870 1229 tua,

581 1275 617 1321 tie
629 1270 736 1322 ecclesia
750 1271 876 1334 gravetur

577 1370 623 1421 Cui
635 1383 746 1434 praeesse
758 1383 785 1420 se
795 1369 903 1422 tatetnr,
926 1425 929 1436 ι

575 1473 656 1529 Quam
669 1470 814 1534 deprimere
823 1453 955 1520 conantur

576 1571 624 1630 Qui
638 1583 759 1633 perverse
770 1569 961 1632 malignantur.

576 1673 628 1720 Pax
639 1670 673 1720 sit
683 1674 780 1729 tecum,
793 1669 878 1718 victer
889 1667 969 1725 ctare,

575 1769 623 1826 Qui
634 1769 684 1818 scis
694 1770 729 1818 ita
740 1767 911 1830 triumphare„

577 1873 607 1919 tit
617 1869 650 1918 sit
659 1881 772 1932 regnum
784 1879 895 1930 regnnrn
907 1863 979 1930 pacis

575 1969 648 2020 iinsis
659 1967 697 2018 tui
707 1967 732 2017 vi
745 1967 864 2016 minacis.

571 2068 688 2118 ctirietus
697 2069 790 2116 auctor
799 2079 869 2116 verae
878 2065 959 2128 pacis.

574 2170 707 2228 perquem
722 2165 795 2216 nobie
809 2177 898 2228 pacem
912 2163 976 2214 faeie

576 2268 633 2318 Tibi
645 2279 756 2330 regnum
768 2266 834 2316 dans
845 2277 989 2328 supernum

574 2372 608 2418 Te
622 2371 760 2418 conservet
773 2367 799 2415 tn
814 2368 953 2416 eternum.

574 2467 669 2518 Nutrix
680 2466 781 2526 mundi,
793 2465 866 2530 targa
879 2467 965 2522 Ceres,

577 2565 676 2614 Gaudet
687 2564 733 2614 tibi
746 2561 815 2625 qnod
825 2562 858 2612 sit
867 2561 951 2614 neres

575 2656 669 2715 Potens
681 2669 741 2727 post
750 2667 775 2712 ie
784 2661 829 2724 qui
839 2660 970 2723 regnabit,

572 2758 923 2826 Etexpestetriurnptiabit;

576 2861 704 2922 lineaque
717 2858 806 2922 stirpis
818 2857 896 2906 ciarae

573 2956 676 3007 Nesciet
684 2954 856 3020 degenerare,

573 3055 618 3106 sed
629 3056 697 3107 sicut
707 3053 835 3119 processit
843 3065 858 3103 a
867 3055 904 3112 te,

574 3157 614 3206 Sic
624 3159 747 3218 sequetur
759 3153 891 3218 probitate

573 3252 654 3315 cuius
664 3251 750 3301 honor
761 3249 897 3314 genitricis

573 3349 862 3409 Estmemoriaeieiicis,

572 3453 635 3512 Quia
647 3451 719 3501 nulia
732 3449 807 3500 laude
819 3449 876 3512 pari

574 3553 615 3603 iiii
628 3556 715 3616 petest
726 3551 869 3612 coequari,

571 3655 634 3701 Tam
646 3649 760 3714 prudens
769 3655 795 3700 et
806 3661 933 3714 generosa

572 3753 633 3801 Tam
646 3753 686 3800 est
697 3749 791 3800 decens
803 3753 828 3800 et
840 3751 965 3799 formosa.

574 3851 669 3901 Vincat
680 3862 772 3900 omnes
782 3853 811 3899 ut
820 3848 958 3912 splendere

574 3953 636 4009 Quae
648 3950 674 4000 in
689 3949 786 4000 mundo
799 3953 861 3999 sunt
870 3948 982 4000 decorae.
