3050 5040
448 703 584 748 urrsroia
600 701 734 746 usnemu
751 699 883 746 uosrnun.
1051 675 1096 746 29

236 887 297 930 nus
310 859 475 932 dissolutas
490 874 521 931 et
535 886 634 957 genua
648 859 759 931 debilia
775 859 933 943 roborate,
952 857 983 927 in
1000 881 1099 952 agone

237 991 433 1076 contenditis
456 993 593 1063 laborate
611 991 648 1062 ad
669 991 812 1088 palmam.
846 992 917 1060 Non
938 1003 1009 1058 sunt
1022 1013 1101 1058 con-

238 1122 323 1218 digni
354 1123 478 1194 labores
499 1123 591 1220 hujus
617 1121 720 1193 saeeuli
753 1121 790 1192 ad
817 1121 950 1192 futuram
972 1119 1101 1215 gloriam

238 1281 308 1352 quae
327 1256 514 1326 revelabitur
533 1256 564 1326 in
581 1255 681 1326 nobis.
735 1254 873 1324 Venistis
894 1252 932 1324 ad
949 1256 1050 1324 Deum
1067 1268 1100 1323 ut

214 1390 221 1402 ”
240 1386 382 1456 serviatis
399 1390 477 1468 Deo,
494 1414 556 1458 non
568 1401 603 1457 ut
618 1386 759 1457 nutriatis
772 1385 849 1456 filias
867 1385 917 1456 vel
935 1383 1014 1454 filios
1029 1409 1101 1455 ves-

239 1533 305 1589 tros
316 1546 394 1616 quos
407 1520 573 1617 reliquistis
586 1533 714 1618 propter
727 1522 839 1590 Deum.
892 1517 1033 1612 Colligite
1046 1541 1101 1613 pe—

238 1652 345 1721 cunias
364 1665 395 1722 et
412 1651 617 1723 thesaurizate
633 1652 723 1722 vobis
739 1651 905 1722 thesauros
923 1651 953 1721 in
973 1649 1052 1720 eoelo
1071 1664 1102 1718 et
1149 1677 1153 1686 ·

239 1783 320 1880 apud
345 1787 446 1854 Deum
473 1810 534 1882 quo
563 1784 612 1856 lur
641 1811 703 1854 non
728 1784 969 1882 appropinquat,
1000 1807 1101 1879 neque

240 1915 323 1986 tinea
349 1915 398 1986 vel
425 1917 535 2013 rubigo
560 1915 751 2014 corrumpit3
804 1915 856 2013 qui
882 1915 976 1998 enim,
1005 1927 1037 1983 ut
1062 1913 1103 1983 ait

240 2045 423 2142 Apostolus,
452 2047 509 2118 sibi
535 2046 745 2118 thesaurizant
773 2019 914 2144 propria,
945 2044 1104 2116 thesauri-

241 2191 313 2248 zant
333 2179 390 2249 sibi
408 2180 484 2251 iram
504 2181 535 2250 in
554 2180 604 2251 die
619 2181 675 2250 irae
696 2193 727 2250 et
740 2180 814 2276 justi
829 2178 933 2276 judicii
951 2179 1020 2261 Dei,
1042 2204 1103 2274 quo

240 2308 343 2379 reddit
357 2311 519 2410 unicuique
536 2311 707 2382 seeundum
722 2336 817 2408 opera
835 2311 912 2405 ejus.
944 2311 1103 2380 lllemores

241 2440 338 2512 simus
365 2443 455 2513 subiti
482 2443 624 2514 interitus
650 2442 780 2513 Ananiae
804 2454 836 2512 et
858 2441 997 2538 Saphirae
1024 2467 1102 2538 quos

167 2645 168 2648 ,
240 2569 397 2642 damnavit
415 2573 585 2670 Apostolus
607 2574 729 2655 Petrus,
754 2595 816 2640 non
834 2571 904 2668 quia
924 2570 1021 2642 aliena
1039 2570 1102 2641 de—

241 2705 447 2790 fraudassent,
464 2705 521 2777 sed
538 2705 608 2804 quia
626 2703 799 2776 communia
820 2729 885 2776 suae
903 2701 1103 2799 singularitati

240 2852 475 2921 conservarent,
504 2839 590 2935 gravi
617 2863 672 2909 eos
696 2837 905 2935 increpatione
935 2862 1098 2932 arguens:

241 2971 373 3055 Mentiti,
392 2972 500 3069 inquit,
517 2971 593 3042 estis
606 2971 731 3070 Spiritui
745 2984 863 3041 sancto.
891 2969 1015 3054 Videte,
1037 2969 1102 3038 lra—

242 3117 319 3187 tres,
335 3104 535 3175 severitatem
554 3104 631 3174 Dei:
652 3103 815 3174 damnatur
825 3101 962 3173 Ananias
974 3114 1113 3198 propter¹

241 3235 397 3333 propriam
414 3237 586 3334 pecuniam,
612 3249 645 3308 et
662 3263 720 3307 nos
740 3235 930 3306 somniamus
948 3232 1104 3328 effugien-

241 3368 313 3438 dam
329 3369 495 3441 vindictam
513 3371 538 3440 si
556 3371 596 3441 de
613 3384 729 3442 sanetae
742 3369 883 3442 ecelesiae
896 3368 992 3438 rebus
1009 3393 1102 3459 eom-¹

242 3499 418 3570 miserimus
439 3501 589 3572 fraudem.
648 3505 785 3573 Naaman
808 3503 907 3598 Syrus
929 3497 1045 3595 septies
1071 3497 1101 3566 in

241 3630 375 3701 Jordane
402 3631 527 3717 tinctuS,
555 3632 720 3703 mundatus
746 3645 795 3702 est
820 3659 837 3701 a
863 3631 948 3727 lepra
973 3641 1102 3726 propter
1152 3667 1158 3682 ·

241 3762 347 3847 fidem,
367 3778 399 3834 et
411 3765 496 3836 Giezi
514 3765 623 3836 eadem
642 3764 823 3862 superfusus
840 3775 890 3832 est
907 3761 992 3857 lepra
1010 3771 1103 3856 prop-

241 3907 292 3962 ter
306 3919 371 3964 suae
386 3894 572 3965 infidelitatis
592 3895 759 3968 avaritiam.
813 3896 848 3964 ln
866 3891 987 3963 scholas
1004 3888 1101 3960 nostri
