3038 5036
395 705 463 779 llb
602 733 713 778 osannrr
732 733 766 778 uu
785 733 874 777 cinna
893 733 1038 777 aarsroun.

392 889 430 963 ad
451 917 519 962 eam
537 891 661 988 propius
679 889 807 974 accedit,
829 905 861 960 et
882 891 922 962 de
944 905 1015 962 nota
1036 892 1163 963 vocabili
1180 891 1252 964 dili-

394 1035 506 1118 genter
532 1023 656 1120 inquirit
684 1052 690 1092 :
724 1023 803 1108 Qua
825 1047 872 1106 es,
901 1023 1009 1121 inquit,
1034 1023 1156 1094 domina
1180 1025 1253 1119 glo-

393 1154 494 1224 riosa‘l
513 1152 609 1251 qualis
628 1167 712 1223 eset
735 1153 816 1224 unde
836 1167 922 1225 tanto
940 1153 1106 1252 splendore
1123 1155 1251 1252 conspi-

393 1289 471 1356 cua?
521 1282 640 1354 Edicito
658 1283 741 1368 mihi,
762 1310 819 1381 pro
838 1283 973 1368 Christo,
995 1284 1119 1356 celebre
1137 1311 1252 1356 nornen

392 1429 489 1500 tuum,
513 1415 582 1513 quia
600 1429 662 1486 tarn
679 1429 845 1487 venustum
864 1429 897 1486 et
921 1417 1073 1512 insignem
1098 1417 1254 1516 conspicio

393 1548 511 1618 vultum
533 1559 628 1618 tuum.
688 1547 743 1620 Cui
767 1548 856 1644 virgo
882 1548 1042 1646 splendida
1067 1575 1253 1647 responsum

313 1723 317 1732 ι
394 1677 537 1760 reddidit,
561 1703 692 1776 eamque
716 1677 828 1750 affabili
850 1677 1013 1751 dulcedine
1037 1681 1173 1752 mulcere
1190 1707 1252 1752 non

394 1811 526 1882 tardavit
555 1839 561 1880 :
589 1809 845 1908 Quandoquidem
867 1810 939 1881 mibi
962 1837 1100 1883 amorem
1117 1812 1175 1883 Ilei
1194 1837 1253 1883 re-

394 1942 559 2014 memorari
569 1943 684 2038 satagis
697 1957 729 2014 et
740 1968 797 2041 per
810 1968 882 2014 eum
896 1944 1028 2016 nominis
1039 1945 1100 2016 mei
1114 1945 1252 2016 notitiam

393 2075 531 2172 inquiris
550 2073 695 2146 Edeldria
713 2075 802 2172 virgo
820 2101 907 2147 sacra
927 2101 1041 2148 nornen
1060 2101 1164 2148 meum
1176 2075 1255 2148 dici-

393 2223 460 2293 tur,
489 2209 575 2305 cujus
596 2208 780 2304 virginitatis
804 2209 965 2306 integritas
988 2211 1109 2282 coelesti
1139 2237 1254 2310 sponso

393 2341 562 2438 copulatur.
616 2338 707 2424 Quod
734 2364 813 2410 vero
841 2340 896 2412 tibi
922 2343 1008 2412 Deus
1037 2342 1257 2440 dignatusest

394 2469 575 2555 ostendere,
596 2470 711 2541 nemini
729 2470 855 2542 studeas
874 2472 1027 2543 revelare.
1081 2474 1138 2544 His
1154 2473 1254 2559 dictis,

394 2601 489 2674 heros
518 2628 671 2699 generosa
697 2603 859 2688 conticuit,
890 2618 921 2674 et
947 2605 1087 2690 stamina,
1112 2605 1255 2704 quamdiu

395 2736 501 2822 voluit,
520 2736 629 2808 oravit.
665 2737 783 2809 Orabat
797 2737 896 2834 virgo,
917 2740 1075 2810 excubans
1087 2753 1158 2811 ante
1171 2766 1256 2811 aram

388 2869 427 2938 in
439 2868 589 2952 sacrari03
606 2870 714 2940 orabat
726 2881 880 2966 prostrata
899 2883 987 2941 extra
1005 2869 1133 2941 chorum
1147 2870 1257 2942 inrdier

395 3001 426 3070 in
444 3000 584 3072 coclesiae
601 3001 793 3099 paviment03
814 3001 882 3086 sed,
899 3002 965 3072 sive
979 3003 1189 3100 pavimentum
1203 3002 1253 3085 sit,

395 3132 461 3202 sive
475 3132 574 3204 solum
591 3131 715 3204 devotae
729 3133 786 3204 sibi
804 3132 996 3204 ministrabat
1009 3133 1157 3204 orationis
1167 3158 1257 3204 aroa-

397 3288 481 3346 num,
509 3261 652 3358 quamdiu
673 3263 704 3332 in
725 3263 854 3334 ecclesia
868 3263 1074 3356 'mulierluit
1095 3263 1256 3336 coelestem

396 3393 670 3490 personamvidi13
694 3396 816 3493 quando
837 3421 913 3468 vcro
928 3397 1016 3482 exiit,
1041 3422 1111 3467 earn
1128 3397 1258 3468 interius

395 3523 567 3624 dereliquit.
621 3527 819 3626 Rediensque
846 3528 885 3599 ad
908 3542 1072 3600 consortes
1092 3529 1143 3626 qui
1166 3553 1256 3626 prae-

396 3656 587 3729 stolabantur
609 3660 640 3730 in
664 3660 784 3744 itinere,
810 3660 892 3758 quod
918 3676 985 3733 erat
1006 3661 1066 3732 viae
1090 3661 1253 3758 reliquum.

397 3787 536 3859 hortatur
547 3803 712 3863 maturare.
766 3795 915 3865 Ascensis
928 3808 1031 3865 autern
1045 3792 1134 3890 equis
1146 3807 1177 3863 et
1189 3818 1259 3862 suc-

396 3919 495 3990 cincte
511 3922 674 4019 expeditis,
694 3925 818 3998 audiunt
831 3941 962 4024 repente
982 3953 1021 3996 ex
1039 3926 1167 3996 ccclesia
1186 3948 1258 3995 coe-
