3050 5040
417 745 553 790 nusromu
568 746 700 792 unaarum
716 747 847 794 nosnos.
1020 724 1062 796 47

206 1023 407 1092 EPISTOLA
426 1025 643 1096 xxiv-m
661 1028 801 1098 Oruounu
819 1053 852 1099 nr
868 1030 1062 1100 Wunuuuru.

366 1242 533 1311 Huuuuurrs
550 1243 660 1311 Oruom
680 1268 713 1312 nr
729 1245 902 1313 Wunmmo.

257 1445 377 1513 Rovum
408 1444 515 1515 labore
540 1445 650 1515 colitur
677 1460 776 1529 terra;
812 1446 925 1517 utilitas
951 1448 1066 1519 borum

207 1574 338 1644 stimulis
365 1589 492 1645 exaucto
519 1574 694 1647 exhibetur.
748 1577 892 1648 Servitur
917 1578 1067 1648 Dominus

207 1707 365 1804 obsequiis
385 1732 561 1791 servorum,
583 1733 748 1777 servorum
768 1709 917 1806 obsequia
935 1709 1066 1780 nonnisi

207 1839 336 1935 flagellis
360 1840 572 1937 adquiruntur.
627 1843 670 1910 ltu
699 1855 729 1910 et
753 1868 809 1911 vos
836 1840 906 1911 nibil
936 1841 1069 1912 scribitis

208 1972 265 2042 uisi
287 1971 430 2054 lacessiti,
452 1971 523 2041 nihil
546 1971 664 2042 discitis
688 1972 744 2041 nisi
766 1972 957 2067 interrogati.
1010 1973 1067 2042 Vel

207 2105 306 2174 semel
327 2105 489 2201 spontanei
511 2103 670 2175 deberetis
689 2129 867 2203 erumpere,
889 2130 990 2174 meam
1008 2131 1069 2202 pa-

207 2234 344 2304 tientiam
372 2259 589 2318 commovere,
626 2259 738 2320 meum,
764 2261 875 2305 sonum
908 2249 1067 2319 excutere,

209 2381 242 2436 et
263 2366 302 2436 ad
325 2379 440 2436 vestrae
461 2365 675 2464 responsionis
702 2365 888 2436 audientiam
909 2381 1070 2464 paternam

208 2496 485 2567 dissimulationem
496 2522 706 2568 commovere.
727 2497 909 2567 Inertissimi
921 2511 952 2567 et
962 2497 1071 2594 piger-

210 2628 279 2698 rimi
306 2628 442 2699 omnium
466 2627 727 2710 adolescentium,
756 2626 900 2723 quamdiu
924 2628 1072 2698 infantili·
1140 2705 1144 2710 ,

210 2763 271 2833 bus
283 2762 395 2832 saliviis
409 2761 619 2838 soedabimini?
669 2759 822 2844 Quamdiu
836 2751 952 2832 vestrae
964 2762 1071 2859 pueri-

210 2895 262 2964 uae
294 2894 378 2964 seces
410 2894 611 2964 ructuabitis?
662 2896 766 2978 Quare
792 2893 860 2965 dies
886 2895 1009 2990 jejuniis
1040 2907 1072 2964 et

210 3039 320 3098 noctes
361 3027 471 3123 vigiliis
509 3053 573 3097 non
615 3027 820 3098 continuatis?
883 3025 1069 3110 Comeditis,

210 3160 326 3243 bibitis,
342 3159 493 3243 dormitis
510 3172 542 3230 et
559 3159 633 3230 alius
645 3173 762 3230 vestrae
775 3158 942 3232 voluntatis
959 3159 1072 3230 dulce-

209 3294 301 3364 dines
324 3294 506 3365 consovetis.
560 3293 603 3363 At
621 3292 689 3364 haeo
707 3319 769 3363 non
792 3307 864 3364 sunt
883 3293 932 3362 via
954 3319 1072 3391 perve-

211 3426 315 3498 niendi
351 3427 389 3497 ud
429 3427 609 3526 sapientiam
647 3453 740 3524 quam
775 3453 832 3497 vos
871 3427 1072 3524 exsequuturi

209 3558 426 3656 proposuistis.
462 3559 517 3646 Ex,
543 3557 657 3626 ultimis
692 3571 724 3627 et
759 3557 934 3655 peregrinis
967 3557 1088 3627 mundi

208 3691 351 3787 partibus
367 3715 500 3786 gemmae
517 3691 706 3774 afferuntur3
729 3715 768 3760 ex
786 3704 881 3761 terrae
901 3690 1073 3761 visceribus

208 3849 320 3892 aurum
337 3835 368 3892 et
385 3835 549 3917 argentum
571 3821 793 3908 extrahuntur3
815 3823 854 3893 ita
878 3836 909 3893 ot
927 3822 1074 3919 sapientia

210 3980 272 4024 non
292 3953 349 4029 nisi
366 3955 532 4026 voluntatis
549 3955 655 4025 laboro
674 3969 706 4025 et
719 3955 833 4025 mentis
844 3955 976 4053 puritate
993 3980 1075 4024 eon-
