3012 5040
400 712 468 780 ⁴32
604 733 715 778 osunen
733 733 768 778 nu
785 733 878 777 cinna
894 733 1043 777 nnsroun.

399 889 491 987 Apud
510 891 610 960 Dourn
633 887 790 985 amplioris
807 887 978 958 aestimatur
995 887 1101 983 gratiae
1118 887 1168 984 qui
1185 913 1259 956 arn-

344 1117 350 1134 ·
400 1021 479 1120 plius
503 1019 614 1115 diligit;
635 1019 700 1117 ipse
720 1018 802 1090 enim
819 1017 916 1088 dixit:
936 1019 1004 1113 Ego
1021 1018 1185 1114 diligentes
1207 1041 1258 1088 ino

400 1152 509 1250 diligo;
541 1165 573 1222 et
607 1151 688 1222 inter
717 1151 820 1222 saeeuli
852 1163 997 1248 potentes
1020 1151 1145 1246 majoris
1178 1151 1258 1221 solet

402 1310 473 1356 esse
499 1283 611 1368 meriti,
635 1283 686 1381 qui
705 1282 812 1379 majori
832 1281 1003 1352 dilectionis
1027 1295 1149 1353 arcetur
1171 1281 1260 1352 desi-

400 1417 497 1488 derio.
551 1416 673 1486 Caetera
694 1413 777 1482 enim
793 1413 852 1484 sub
872 1426 995 1483 secreto
1012 1412 1134 1483 silentio
1151 1413 1258 1482 eonsi-

401 1545 536 1618 deranda
570 1558 662 1642 atque
692 1543 894 1614 examinanda
923 1545 1074 1641 relinquo.
1127 1543 1255 1640 Vigeat‚

400 1681 535 1777 inquam,
559 1690 591 1747 at
611 1674 722 1760 valeat,
742 1689 774 1745 et
792 1701 849 1773 per
866 1675 957 1772 longa
977 1676 1088 1748 saecula
1110 1677 1260 1748 subsistat

399 1809 569 1891 incolumis
588 1807 752 1906 audiatque
766 1807 942 1879 familiarius
958 1809 1179 1880 revelationem
1196 1808 1259 1878 lra-

399 1943 456 2012 tris
475 1941 547 2024 mei,
564 1955 594 2011 et
608 1966 714 2012 aurem
733 1941 761 2011 ei
783 1953 879 2013 tutani
900 1940 1140 2039 praeeordialiter
1154 1941 1259 2038 appli—

400 2087 460 2157 cet,
487 2072 621 2170 nullique
647 2073 777 2144 ulterius
800 2073 882 2171 quod
905 2042 1044 2144 didicerit
1068 2072 1257 2154 manifestet,

399 2230 565 2302 meumque
593 2206 623 2274 in
656 2206 799 2276 omnibus
828 2207 987 2301 negotium
1014 2205 1147 2276 fideliter
1176 2230 1258 2302 per-

400 2352 522 2411 tractet.

497 2609 699 2680 EPlSTOLA
725 2611 794 2680 Xll.
820 2653 867 2662 -
889 2611 937 2680 Ao
961 2611 999 2679 H.
1030 2635 1157 2680 nouarnu

652 2741 1000 2812 Wusruonnsrununsrn.

399 2925 662 2996 Reverendissinto
687 2923 811 2995 donnino
832 2938 860 2994 et
880 2925 971 3021 patri
990 2925 1045 3004 H.,
1069 2925 1130 2996 Dei
1149 2928 1258 3023 qratia

447 3056 616 3127 venerabili
630 3055 841 3127 Occidentalis
853 3057 1034 3126 monasterii
1045 3055 1157 3137 ablati,
1169 3057 1258 3154 [llius

447 3191 513 3285 ejas
529 3203 557 3258 et
571 3187 671 3285 frater
686 3187 831 3260 osbertus
848 3187 885 3259 de
900 3188 1010 3269 Clara,
1025 3191 1070 3259 sie
1082 3217 1152 3260 eunt
1169 3205 1258 3262 acuto

447 3321 528 3417 ferri
554 3320 765 3418 delinquentes
793 3323 960 3418 eorriqere,
987 3336 1021 3390 nt
1044 3349 1114 3392 eunt
1142 3322 1258 3421 refleoea

442 3453 615 3552 poteratis
642 3456 738 3551 oirqoe
764 3456 946 3551 paenitentes
979 3457 1013 3524 in
1043 3455 1257 3526 misericordia

447 3612 507 3657 non
524 3601 704 3684 aspernetur
722 3586 884 3658 attrahere.

448 3801 529 3872 Satis
548 3802 694 3899 satisque,
716 3815 815 3900 pater,
838 3814 869 3873 et
889 3802 1079 3901 ultraquam
1100 3801 1254 3902 expediat,

399 3933 429 4003 in
446 3932 572 4004 vulnera
593 3932 644 4003 filii
666 3935 706 4006 tui
726 3935 830 4006 vinum
853 3934 998 4006 inludisti.
1052 3937 1203 4034 Superest
1223 3950 1258 4007 ut
