3050 5040
383 727 812 774 xrrsroxnxxnrxnrrxosmon.
1036 699 1081 774 57

219 888 302 984 pium
320 899 353 956 et
371 912 493 958 morum
511 898 542 957 et
560 898 694 956 actuum.
747 887 857 956 Restat
872 859 907 956 ut
922 884 1083 982 praecipias

219 1016 302 1114 quod
319 1017 398 1089 velis
415 1031 448 1088 ct
466 1041 526 1114 ego
545 1015 673 1113 exsequi
691 1015 840 1102 laborabo
861 1015 943 1114 quod
960 1041 1084 1114 praece-

220 1150 314 1247 peris.
376 1125 447 1220 Non
474 1147 841 1246 quaeroimpunitatem,
873 1147 930 1219 sed
959 1147 1084 1244 dignam

221 1306 317 1353 exoro
335 1306 485 1354 exercerc
509 1279 753 1378 correctionem
778 1304 816 1350 eo
841 1279 914 1350 mihi
927 1261 990 1350 ¹tua
1016 1305 1084 1351 cor-

220 1413 316 1486 rectio
336 1413 496 1512 apparebit
512 1413 710 1494 fructuosior,
727 1437 788 1510 quo
806 1422 857 1484 tua
877 1438 986 1485 manus
1002 1412 1082 1484 circa

221 1544 407 1642 negligentis
425 1545 536 1618 animae
549 1543 630 1615 latus
643 1542 794 1615 desaeviet
807 1543 956 1642 asperior.
997 1545 1080 1640 Age,

220 1677 355 1776 inquam,
367 1703 386 1748 o
400 1675 599 1788 spreuissime
612 1675 720 1772 judex3
734 1674 902 1773 apostolico
911 1675 994 1746 enim
1010 1701 1083 1746 soe-

220 1822 302 1880 mate
320 1807 417 1906 judex
439 1807 512 1880 mihi
535 1805 698 1879 videbatur
720 1805 844 1902 dignam
865 1807 994 1905 exquire
1011 1806 1082 1878 vin-

220 1937 350 2023 dictam,
372 1939 443 2037 puni
462 1939 632 2020 levitatem,
646 1938 762 2032 castiga
778 1938 944 2022 lasciviam,
963 1937 1082 2009 adver-

221 2071 335 2143 sarium
363 2070 531 2168 disciplinae
559 2071 688 2142 restitue
715 2070 846 2141 veritati.
900 2072 978 2142 Tum
1003 2071 1078 2141 ille:

220 2202 349 2289 Sufficit,
366 2203 473 2301 inquit,
486 2216 517 2274 te
532 2217 582 2310 tua
596 2203 742 2301 vapulare
755 2202 947 2300 poenitentia,
959 2216 1082 2300 tuaeque

220 2334 438 2430 recognitionis
453 2315 490 2404 'et
507 2332 712 2404 confessionis
728 2333 859 2430 puritate
878 2346 1001 2435 tuomm
1022 2333 1083 2404 de-

219 2468 372 2551 lictorum,
395 2467 565 2566 perfectam
590 2465 822 2564 promereberis
843 2445 1078 2537 absolutionem.

220 2600 275 2670 His
284 2598 530 2684 dictio,abscssit
540 2623 656 2695 suaque
665 2596 847 2676 obsessione
857 2621 960 2668 meam
971 2598 1083 2668 absen-

218 2733 291 2804 tiam
313 2731 523 2830 praesentibus
553 2729 696 2802 reddidit.
758 2728 867 2814 Unde,
893 2729 1082 2800 dilectissimi

219 2862 281 2948 lilii,
305 2863 417 2935 exinde
441 2861 609 2934 deliberavi
631 2863 728 2934 sacris
748 2861 906 2934 codicibus
923 2861 1079 2947 insudare,

219 3007 396 3068 sanctorum
405 3007 529 3093 patrum
540 2993 711 3064 sententias
725 2993 924 3089 investigare,
941 2971 1082 3064 meorum

218 3127 388 3200 studiorum
407 3127 626 3199 informitatem
642 3128 825 3211 reformare,
845 3127 928 3198 etad
944 3128 1083 3199 veritatis

218 3261 350 3365 sigillum
372 3285 478 3332 mores
496 3274 528 3332 et
543 3274 631 3332 actus
650 3285 739 3330 meos
759 3273 931 3357 reportare.
985 3259 1082 3331 Vobis

137 3437 139 3442 ·
218 3392 366 3492 deinceps
389 3393 428 3464 de
448 3393 572 3466 Christo
590 3391 709 3490 loquar,
730 3392 770 3462 de
792 3391 916 3462 Christo
934 3393 1079 3476 scribam,

219 3526 326 3598 verbis
344 3540 375 3598 et
399 3527 521 3624 scriptis
536 3525 694 3598 Christum
710 3525 827 3595 vestris
843 3525 999 3595 mentibus
1017 3524 1082 3594 im-

218 3658 359 3755 primam,
384 3659 443 3729 hoc
468 3658 665 3754 singulariter
694 3683 809 3752 agenS,
837 3669 869 3726 et
902 3669 1031 3754 propter
1052 3656 1082 3726 id

219 3789 330 3884 dogma
346 3789 425 3859 aliud
443 3789 533 3859 vobis
551 3789 676 3858 minime
695 3812 884 3886 proponens.
