3012 5040
438 735 576 780 urisrouu
591 733 725 780 uonnunrr
742 735 875 780 cosmos.
980 703 983 710 ’
1041 711 1087 778 99

229 892 378 977 cordium,
406 907 438 964 et
463 906 568 963 nostra
594 906 763 990 penetrans
786 892 918 976 viscera,
944 896 1087 990 pcrvenit

228 1050 327 1122 usque
344 1024 381 1096 ad
397 1025 578 1096 divisionem
595 1024 762 1095 carnalium
778 1037 870 1122 atque
891 1025 1087 1122 spiritualium

228 1157 447 1253 cogitationum
459 1169 646 1227 nostrarum.
699 1155 1088 1254 Nullamediarelinquun-

230 1304 281 1362 tur
300 1289 458 1360 monachis
478 1317 483 1358 :
510 1303 561 1360 aut.
587 1289 670 1359 enim
687 1287 758 1358 nihil
777 1287 903 1359 habebit
920 1289 1088 1360 monachus

229 1435 262 1490 et
272 1420 398 1492 habebit
407 1424 518 1505 Deum,
534 1435 585 1491 aut
595 1419 707 1518 aliquid
720 1419 840 1492 habens
850 1420 1084 1520 perdetDeum;

228 1567 312 1624 arcta
331 1553 395 1635 via,
416 1551 472 1624 sed
491 1553 527 1623 iis
546 1551 692 1648 gradibus
718 1553 894 1624 ascenditur
912 1552 951 1624 ad
972 1555 1083 1624 Deum.

228 1685 333 1770 Prior,
355 1685 435 1756 vado
455 1685 491 1756 ad
516 1685 648 1769 curiam,
677 1685 803 1756 domum
825 1686 881 1756 Dei
902 1685 1087 1757 commendo

228 1819 300 1903 tibi,
325 1833 357 1889 et
375 1833 407 1890 te
426 1818 611 1890 commendo
631 1821 710 1890 Deo.
763 1821 907 1916 Praepara
927 1817 1087 1888 materiam
1137 1918 1143 1933 Ι

229 1951 331 2022 loturo
348 1951 447 2049 operi,
470 1964 502 2021 et
524 1950 657 2021 maxime
675 1949 807 2048 lapides,
828 1962 914 2019 tuum
936 1948 1087 2020 exalacri-

228 2096 348 2154 taturus
361 2097 482 2182 patrem
498 2109 556 2181 per
569 2082 681 2167 omnia,
698 2081 723 2152 si
741 2108 843 2152 meam
860 2107 922 2152 non
938 2080 1087 2176 neglexe-

227 2214 271 2284 ris
301 2213 536 2286 ordinationem.
590 2213 722 2296 Domini,
752 2211 862 2283 sedete
891 2213 921 2282 in
951 2212 1086 2284 claustro

228 2360 334 2417 vestro
347 2361 378 2416 et
391 2345 551 2443 quiescite,
567 2344 622 2415 soli
636 2358 783 2415 vacantes
799 2344 942 2428 Domino,
959 2357 989 2414 et
1006 2369 1085 2441 prae·

145 2466 148 2472 ¹
228 2491 377 2548 caventes
400 2501 440 2547 ne
470 2475 567 2573 turpis
591 2475 642 2546 vel
666 2474 781 2558 inanis,
807 2488 858 2546 aut
882 2473 1087 2546 detractorius

227 2635 331 2680 sermo
349 2610 468 2705 linguas
481 2622 604 2679 vestras
615 2608 802 2704 coinquinet.
855 2606 949 2702 Agite
959 2607 1083 2702 gratias,

227 2741 310 2839 quod
328 2767 390 2812 non
408 2741 481 2812 mihi
501 2742 532 2811 in
553 2739 670 2812 deliciis
692 2740 914 2837 scripturarum
931 2742 998 2811 Deo
1015 2765 1087 2811 ser-

228 2877 295 2945 vire
320 2875 483 2971 cogemini.
537 2874 774 2958 Adolescentes,
795 2899 858 2944 non
877 2872 1085 2969 dedignemini

228 3007 326 3076 vestri
348 3005 501 3104 pedagogi
519 3005 757 3089 correctionem,
779 3018 811 3075 et
834 3018 1006 3103 praeparate
1027 3005 1086 3076 ab·

228 3153 335 3210 sentes
344 3139 417 3237 quid
431 3164 509 3210 meae
527 3137 673 3236 praesenti
690 3137 878 3234 condignum
891 3136 1087 3235 responden·
1176 3209 1179 3216 ,

227 3272 277 3342 tis.
314 3274 477 3343 Postremo
489 3272 544 3342 toti
560 3271 724 3342 conventui
739 3286 847 3342 nostro
861 3269 967 3364 gratia.
1008 3271 1082 3352 Pax,

227 3403 459 3501 perseverantia
487 3403 625 3474 veritatis
653 3431 669 3473 a
700 3406 767 3474 Deo
800 3417 887 3500 patre
921 3413 1028 3472 nostro
1055 3416 1086 3472 et

227 3534 359 3606 Domino
372 3549 479 3606 nostro
495 3535 569 3604 lcsu
582 3533 706 3605 Christo
716 3534 745 3604 in
755 3533 870 3631 Spiritu
884 3534 1009 3616 Sancto,
1029 3558 1086 3630 per

229 3667 330 3738 omnia
349 3668 461 3740 saecula
474 3667 669 3738 saeculorum.
722 3669 836 3738 Amen.
