3038 5036
353 735 455 780 etnam
473 733 578 780 emotus
594 733 813 779 contanstensts
829 732 976 778 EPISTOLAE.
1031 709 1094 779 23⁴

242 889 421 985 dignitatem
440 917 505 962 suae
519 891 703 962 conditionis
717 891 901 990 perpendat,
918 905 977 962 etc.
1030 947 1035 957 .
1094 946 1098 955 .

246 1077 568 1092 ......
625 1022 811 1094 festinanter
829 1021 952 1105 venite;
977 1043 1104 1116 semper

243 1151 325 1222 enim
342 1152 446 1222 nocuit
462 1151 590 1224 differre
608 1152 722 1250 paratis
726 1208 1098 1221 .......

367 1441 570 1512 EPISTOLA
588 1443 672 1512 xio.
690 1485 738 1494 -
750 1443 797 1513 m
813 1403 978 1513 nonnis.

242 1588 452 1660 Dilectissimo
469 1618 506 1661 oc
528 1590 791 1662 desideratissimo
811 1594 846 1662 in
867 1591 992 1662 Clm'sto
1010 1589 1107 1688 fratri

294 1733 322 1789 et
346 1723 445 1791 omico
475 1748 530 1792 sno
555 1723 684 1794 Robecto
714 1723 815 1822 frater
845 1723 1011 1801 Elmemcs,
1040 1745 1105 1790 som

291 1851 465 1923 dulcedinis
474 1853 578 1951 fidelis
594 1853 732 1934 dilector,
751 1853 827 1924 dam
844 1869 966 1925 terrena
979 1851 1107 1923 indoli-

293 1987 406 2055 tatione
418 1987 649 2083 oonstcinqitnr,
664 1985 781 2057 divinis
797 1984 1002 2083 conspectibus
1017 1997 1107 2081 qanto

292 2117 465 2186 sanctitatis
491 2131 602 2187 ornato
624 2116 746 2215 (locere,
768 2131 887 2214 etpost
908 2114 1106 2213 temporalem
1171 2197 1173 2200 Ι

293 2249 390 2317 oitom
412 2249 447 2317 in
468 2248 529 2318 illa
546 2248 661 2319 coelesti
677 2251 787 2346 patrio
803 2249 898 2346 pleno
914 2247 1107 2343 sempiterna

293 2380 493 2452 beatitudinis
513 2381 618 2478 fricto
634 2384 702 2452 sine
720 2382 782 2479 fine
796 2381 940 2479 qandere.

293 2614 360 2685 Dici
390 2639 453 2685 non
487 2627 611 2713 potest,
648 2614 865 2698 dilectissime,
901 2639 960 2712 qua
995 2611 1108 2682 dulce-

247 2746 330 2831 dine,
347 2760 423 2832 etc.‚
438 2759 488 2818 eto
492 2802 1104 2817 ...........

246 2879 324 2950 Cum
336 2903 444 2949 amore
457 2878 530 2950 vitae
544 2877 711 2976 praesentis
724 2876 807 2948 nullo
823 2877 906 2948 bono
917 2875 990 2948 boni
1003 2901 1108 2946 mores

246 3010 387 3107 perfecte
413 3023 561 3108 poterunt
587 3007 745 3081 custodiri.
808 3008 900 3094 Quod
926 3035 987 3079 non
1008 3008 1108 3079 solum

247 3142 407 3239 Scriptura
433 3144 539 3226 Sacra,
567 3141 739 3212 sedetiam
762 3141 1016 3241 philosophorum
1039 3141 1108 3212 libri

247 3288 412 3346 testantur.
467 3273 558 3346 Unde
580 3289 630 3345 est
654 3275 727 3346 illud
751 3276 911 3348 Ciceronis
932 3276 962 3346 in
983 3275 1109 3346 Rheto-

249 3407 321 3478 ricis
338 3407 403 3478 suis
426 3435 432 3476 ε
455 3407 515 3491 Qui
538 3407 610 3477 nihil
629 3408 692 3502 (ait)
712 3408 807 3480 habet
824 3409 855 3480 in
872 3409 934 3479 vita
947 3405 1110 3504 jocundius

250 3537 324 3614 vita,
343 3538 392 3610 hic
408 3563 478 3609 cum
497 3538 612 3609 virtute
625 3565 687 3609 non
701 3553 806 3637 potest
822 3539 915 3612 vitam
929 3539 1043 3610 colere.
1101 3596 1105 3606 .
