3012 5040
408 674 476 742 ll2
610 696 722 740 osunen
740 694 774 740 DE
792 694 882 738 ctlnn
899 693 1050 738 EPISTDLAE.

405 855 456 951 qui
480 855 609 950 angelus
633 853 753 924 Domini
782 851 918 922 Sabaoth
943 853 1116 949 appellaris,
1144 877 1201 948 age
1228 867 1261 921 ut

404 985 493 1055 citius
509 985 694 1082 praelocatus
712 985 833 1082 expiret
847 984 926 1079 ignis
939 983 1060 1054 Domini
1080 1007 1259 1064 succensus,

405 1114 514 1186 Nadab
537 1129 568 1186 et
593 1115 673 1186 Abiu
696 1142 757 1186 non
784 1115 814 1185 in
844 1114 887 1185 ira
916 1113 1028 1184 luroris
1055 1113 1112 1184 sed
1136 1113 1261 1184 rationis

405 1247 545 1330 devoret,
564 1247 637 1318 dum
653 1248 757 1344 ignem
769 1263 902 1345 uterque
918 1247 1050 1318 alienum
1063 1247 1093 1316 in
1112 1245 1260 1317 sacrificio

405 1379 520 1450 ollerre
542 1406 603 1450 non
624 1381 720 1450 timet.
774 1378 895 1450 Dathan
913 1391 945 1450 et
962 1378 1082 1449 Abiron
1104 1392 1185 1448 terra
1209 1377 1260 1447 vi-

405 1527 517 1584 ventes
534 1513 711 1596 absorbeat,
726 1525 757 1582 et
769 1511 875 1582 Dziam
890 1509 1094 1582 sacerdotium
1111 1536 1260 1608 usurpan-

406 1659 470 1716 tem
492 1645 576 1743 lepra
598 1645 765 1742 percutiat,
792 1668 962 1740 magusque
986 1643 1093 1716 Simon
1120 1656 1257 1724 corruat,

406 1776 531 1872 indigno
556 1777 659 1848 volatu
687 1777 820 1848 tendens
840 1777 879 1848 ad
904 1776 1017 1860 sidera,
1041 1789 1073 1846 ct
1095 1773 1260 1846 haereditas

406 1907 526 1978 Domini
547 1932 605 2005 per
630 1919 661 1976 te
688 1907 820 2004 respiret
840 1910 903 2004 jam
925 1933 1023 2005 usque
1044 1906 1082 1977 ad
1103 1906 1259 1977 interitum

405 2065 486 2138 pene
501 2053 694 2138 consumpta.
748 2043 852 2111 Exosa
864 2041 946 2110 enirn
964 2040 1050 2123 vivit,
1070 2040 1148 2111 sicut
1161 2041 1259 2137 Sym-

405 2172 532 2244 machus
550 2172 632 2256 dicit,
654 2187 687 2244 ut
709 2197 801 2270 opem
820 2173 1034 2244 desiderantes
1054 2171 1092 2242 ad
1117 2171 1259 2266 suffragia

404 2306 532 2403 probata
555 2304 741 2401 confugiant.
799 2304 849 2376 nd
874 2318 905 2376 te
928 2305 1030 2403 itaque
1055 2303 1258 2398 confugimus,

405 2423 456 2533 qui
475 2436 553 2507 mala
570 2436 728 2535 superiora
746 2437 833 2508 annis
850 2436 987 2534 pluribus
1005 2436 1124 2534 experti
1142 2461 1258 2516 sumus,

404 2593 497 2665 quem
513 2582 544 2639 et
557 2569 678 2639 claritas
690 2566 887 2640 commendat
905 2594 943 2638 ex
962 2567 1118 2638 nobilitate
1135 2565 1260 2661 generis

406 2717 437 2772 et
462 2703 630 2799 majestatis
656 2703 792 2800 potentia
816 2727 854 2774 ex
883 2702 1062 2774 auctoritate
1088 2699 1257 2795 legationis.

405 2834 537 2931 Respice
560 2858 648 2929 ergo,
674 2847 761 2932 pater
784 2833 844 2931 pic,
870 2834 990 2932 respice
1013 2834 1135 2932 pietatis
1155 2833 1261 2904 intuitu

405 2964 567 3036 ecclesiam
585 2977 735 3048 nostram,
755 2978 787 3036 et
809 2991 903 3062 super
924 2964 1143 3036 candelabrum
1163 2964 1259 3060 erige,

405 3121 476 3193 quae
488 3097 600 3167 diutius
616 3098 645 3167 in
666 3098 804 3194 pulvere,
820 3098 977 3169 lucernam
994 3111 1142 3169 nostram.
1196 3100 1262 3168 Do-

406 3229 506 3298 minus
519 3229 601 3300 enim
615 3244 646 3300 et
657 3230 802 3328 princeps
814 3231 923 3329 patriae
935 3245 1051 3302 nostrae
1065 3255 1120 3301 rer
1135 3229 1263 3325 insignis

405 3358 591 3442 Edwardus‚
623 3359 802 3430 coelestibus
840 3359 954 3432 mundo
983 3359 1137 3431 miraculis
1172 3359 1263 3430 toties

405 3489 562 3576 ostensus,
589 3491 701 3588 dignus
725 3506 774 3562 est
796 3493 1013 3564 attestantibus
1030 3492 1127 3588 siguis
1148 3491 1264 3562 celebri

406 3625 571 3697 festivitate
594 3627 674 3697 inter
696 3627 838 3698 homines
858 3628 888 3698 in
911 3627 1015 3710 terris,
1034 3627 1121 3722 cujus
1143 3625 1264 3723 copiosa

405 3756 486 3854 apud
509 3761 609 3829 Deum
632 3759 742 3830 merita
766 3774 953 3831 coronantur
974 3759 1004 3830 in
1030 3758 1125 3830 coelis.
1180 3759 1264 3851 Lege

406 3887 508 3985 itaque
535 3889 601 3984 ejus
621 3889 714 3959 vitam
738 3902 769 3958 et
794 3889 883 3960 nobis
906 3889 935 3958 in
963 3889 1106 3960 auxilium
1132 3887 1261 3958 salutare
