3012 5040
409 733 520 777 osomrr
542 733 576 778 or
599 735 688 778 onim
711 733 855 778 nrrsrorm.
990 711 1058 776 lt3

203 887 327 982 porrige
341 887 494 972 dextram,
509 902 542 959 ut
556 903 586 960 et
599 891 652 960 tibi
666 904 737 960 ante
750 893 849 960 Deum
863 890 920 960 boc
934 889 1061 986 deputet

205 1016 234 1086 in
255 1044 396 1102 munere,
417 1020 499 1116 quod
523 1021 637 1092 mundo
655 1022 791 1117 gaudere
811 1023 901 1093 detur
918 1022 957 1092 de
976 1047 1061 1119 prm-

204 1151 284 1221 clara
307 1153 382 1222 tanti
404 1154 488 1248 regis
509 1155 686 1225 festivitate.
739 1155 851 1225 Oleum
874 1154 956 1224 enim
977 1154 1061 1224 cllu-

206 1309 273 1352 snm
301 1309 416 1354 nomen
445 1298 540 1370 tuum,
565 1289 652 1382 cujus
677 1287 717 1357 de
743 1288 910 1384 longinquo
939 1287 976 1357 ad
1004 1311 1062 1356 nos

205 1441 301 1512 usque
319 1417 462 1513 pervenit
479 1418 592 1515 opinio,
617 1433 649 1489 et
671 1445 751 1490 nunc
773 1419 902 1490 odorem
923 1419 1062 1489 circum-

206 1574 324 1646 quaque
340 1550 499 1621 celebrem
516 1552 633 1648 spargit
650 1552 680 1621 in
702 1552 852 1648 proximo.
907 1551 952 1620 Sit
971 1550 1062 1645 igitur

173 1754 177 1763 ,
206 1707 280 1776 ager
297 1695 416 1767 noster,
435 1709 510 1778 ager
525 1684 586 1769 illc,
606 1686 653 1756 cui
665 1710 722 1783 per
732 1698 762 1755 te
775 1684 937 1756 benedicat
949 1682 1062 1753 Domi-

206 1839 272 1896 nnS,
298 1827 329 1884 et
351 1817 409 1886 sub
430 1829 515 1886 tanto
536 1817 654 1887 cultore
677 1817 790 1886 sterilis
811 1815 887 1886 ficus
909 1812 1013 1884 redeat
1032 1813 1062 1882 in

206 1946 344 2040 gratiam,
371 1971 441 2043 quae
462 1947 611 2018 hactenus
635 1975 699 2018 non
727 1948 840 2031 lloruit,
865 1972 923 2017 nec
946 1947 1064 2016 fructus

206 2079 386 2148 suavitatem
410 2079 534 2176 protulit
557 2081 732 2175 gratiosam.
792 2083 912 2151 Seneca
931 2102 1063 2168 namque

206 2209 299 2280 dicit:
322 2210 424 2280 Habet
449 2209 508 2280 hoc
533 2211 681 2308 optimum
700 2213 730 2282 in
750 2236 784 2280 se
802 2236 976 2306 generosos
993 2210 1064 2278 ani-

207 2367 285 2424 mus
318 2341 400 2438 quod
430 2343 600 2412 concitatur
630 2342 668 2412 ad
698 2342 839 2412 honesta.
898 2341 1064 2412 Neminem

207 2473 319 2544 excelsi
337 2473 448 2570 ingenii
462 2475 563 2544 virum
577 2475 699 2546 bomilia
715 2475 870 2545 delectant
883 2488 914 2544 et
927 2473 1061 2556 sordida,

207 2634 315 2702 magna
326 2633 417 2704 quam
431 2633 536 2678 rerum
551 2609 672 2712 species
685 2608 723 2678 ad
737 2633 772 2678 se
787 2623 876 2678 vocat
889 2621 920 2678 et
933 2607 1060 2678 extollit.

207 2738 335 2810 lntende
352 2741 493 2838 proinde,
516 2740 662 2812 sacerdos
681 2739 820 2836 egregie,
842 2766 996 2835 generoso
1014 2740 1064 2810 la-

207 2872 273 2942 bori
293 2885 362 2954 tuo;
384 2871 471 2942 labor
490 2886 561 2942 tuus
577 2873 746 2943 consolatio
764 2873 803 2942 sit
820 2872 976 2955 ccclesiae3
997 2869 1064 2940 olli-

207 3003 285 3074 cium
303 3015 388 3073 tuum
409 3003 551 3074 exaltatio
568 3018 744 3074 sanctorum
762 3019 820 3074 cst.
873 3005 971 3074 Vocat
988 3027 1064 3097 ergo

208 3149 238 3206 te
258 3136 378 3207 coelitus
400 3135 438 3206 ad
462 3163 550 3207 suum
565 3137 677 3208 Christi
694 3139 750 3208 Dei
772 3135 948 3209 Edwardus
964 3135 1064 3206 obse-

208 3269 321 3366 quium,
341 3270 427 3365 cujus
443 3269 565 3367 species
583 3270 767 3366 integritatis
789 3269 888 3341 adbuc
907 3267 1011 3352 bodie,
1032 3281 1066 3338 ut

208 3400 399 3487 confidimus⁷
425 3403 560 3474 ostendit
581 3404 611 3474 in
632 3429 724 3475 carne
751 3409 863 3501 quanta
883 3401 1066 3498 virginitatis

208 3533 310 3604 titulos
331 3535 444 3604 mentis
461 3535 591 3606 coluerit
611 3536 754 3634 puritate.
780 3536 855 3630 Ejus
872 3521 1065 3630 temporibus

209 3667 373 3737 exaltatum
398 3681 447 3738 cst
470 3669 579 3739 solium
602 3669 739 3765 justitiae,
765 3669 804 3738 ita
831 3680 865 3738 ut
887 3667 959 3737 vitia
984 3666 1064 3736 bunc

209 3797 422 3894 experirentur
450 3798 596 3894 judicem,
625 3812 656 3868 et
682 3824 788 3869 mores
814 3797 957 3895 generosi
985 3797 1065 3867 inter

208 3927 393 4000 domesticos
417 3931 622 4028 provisorem.
676 3933 710 4001 ln
734 3957 874 4029 persona¹
890 3931 984 4001 totius
1005 3954 1064 3999 ec-

898 4063 928 4110 15
