3038 5036
445 715 512 783 ⁴98
650 739 761 784 osncnn
779 739 813 784 nn
831 739 922 784 cmm
939 739 1086 784 nnsronn.

444 894 567 965 nominc
589 897 707 967 Remus
729 895 930 992 significatur,
954 896 1005 993 qui
1028 895 1116 990 leges
1133 897 1149 964 a
1169 890 1303 963 Romulo

444 1027 599 1098 institutas
609 1027 843 1124 transgrediens
854 1028 944 1099 morti
956 1027 1145 1124 adjudicatus
1155 1025 1186 1094 in
1197 1026 1305 1093 Aven-

444 1157 507 1227 tino
520 1171 625 1229 monte
644 1159 747 1229 fratris
764 1159 893 1256 imperio
910 1158 1143 1229 condemnatur.
1197 1155 1304 1225 Mino-

445 1313 511 1358 rem
524 1290 635 1360 iterum
647 1291 779 1388 palmam
792 1291 904 1362 lulium
920 1293 1078 1361 Caesarem
1095 1289 1234 1360 dicimus.
1250 1285 1302 1382 qui

444 1446 619 1518 quanquam
649 1423 745 1518 gloria
773 1423 887 1492 militiae
918 1423 1059 1519 famaque
1088 1435 1120 1491 et
1147 1419 1302 1517 probitate

444 1579 576 1649 magnus
593 1555 740 1638 extiterit,
757 1556 788 1626 in
804 1556 1034 1654 comparatione
1046 1554 1176 1650 Augusti
1189 1577 1304 1650 quem-

444 1682 610 1754 admodum
651 1711 765 1782 parvus
802 1684 867 1755 luit.
929 1686 1090 1780 Augustus
1130 1697 1232 1754 autem
1270 1681 1302 1752 in

444 1816 588 1887 arborem
614 1818 798 1888 immensam
824 1818 938 1902 crevit,
970 1841 1040 1915 quae
1066 1831 1162 1888 totam
1192 1815 1301 1886 lacieni

445 1961 539 2018 terrae
553 1948 713 2020 frondibus
727 1949 790 2019 suis
805 1948 1019 2032 circumdedit,
1039 1949 1110 2045 quia
1127 1960 1208 2018 tanta
1226 1971 1302 2044 pace

446 2080 539 2150 totius
556 2081 660 2152 mundi
678 2081 812 2179 perfudit
824 2081 1027 2167 latitudinem,
1042 2079 1125 2178 quod
1141 2081 1173 2150 in
1192 2079 1303 2150 diebus

445 2212 510 2282 suis
532 2212 571 2283 de
594 2212 694 2308 gladio
723 2226 755 2282 et
776 2212 882 2282 lancea
905 2212 1036 2310 quisque
1062 2212 1119 2283 sibi
1141 2235 1303 2282 vomerem

445 2343 626 2416 conflaverit
641 2358 673 2414 et
690 2345 839 2440 ligonem.
894 2347 940 2414 Eo
962 2344 1147 2442 imperante,
1169 2340 1302 2412 mundus

447 2487 496 2544 est
518 2474 709 2574 descriptus,
737 2477 884 2574 orbisque
910 2475 967 2546 sbi
989 2501 1118 2546 sensum
1140 2472 1304 2572 profitetur

446 2607 627 2692 universus
651 2607 737 2704 eujus
759 2607 996 2705 quadragesimo
1022 2605 1159 2678 secundo
1184 2603 1303 2701 imperii

445 2763 526 2808 anno
544 2737 573 2810 in
587 2737 772 2810 Bethlehem
789 2739 911 2810 civitate
930 2738 1041 2823 David,
1057 2737 1097 2808 de
1115 2751 1215 2808 matre
1233 2736 1302 2806 vir·

446 2869 518 2964 gine
536 2885 625 2942 natus
643 2885 691 2943 est
707 2874 860 2956 Christus
883 2871 934 2969 qui
958 2885 990 2941 et
1008 2897 1102 2940 venis
1122 2895 1193 2941 cum
1212 2871 1303 2940 Patre

447 3014 479 3070 ct
503 3003 617 3074 Sancto
642 3006 757 3103 Spiritu
787 3017 859 3076 ante
883 3003 994 3075 saecula
1021 3005 1108 3072 Deus
1133 3002 1247 3086 extitit,
1272 3017 1303 3072 et
1345 3089 1349 3094 Ι

446 3131 540 3204 bomo
557 3135 587 3205 in
602 3135 664 3206 fine
683 3137 866 3209 saeculorum
884 3149 990 3207 nostra
1013 3136 1197 3207 mortalitate
1216 3133 1304 3206 indu-

447 3277 497 3334 tus
519 3270 667 3364 apparuit.
720 3271 779 3354 Qui
799 3297 861 3340 non
881 3284 966 3341 certa
983 3269 1116 3339 veritate
1136 3267 1236 3339 dictus
1254 3281 1304 3338 est

447 3407 625 3498 Augustus,
656 3402 800 3499 quoniam
829 3427 888 3498 pax
916 3401 995 3472 illius
1027 3414 1146 3471 tantum
1179 3413 1211 3470 et
1241 3415 1304 3471 tam

448 3535 659 3608 inaestimabile
685 3534 724 3605 de
744 3533 865 3604 coelesti
891 3559 966 3630 pace
989 3533 1125 3631 suscepit
1145 3557 1305 3628 augmen—

448 3682 524 3750 tum,
537 3665 619 3766 quod
633 3689 731 3736 sacrae
743 3664 926 3760 virginitatis
939 3664 1067 3749 semina,
1084 3689 1153 3762 quae
1166 3664 1197 3734 in
1211 3665 1307 3735 terris

448 3825 641 3898 nequaquam
662 3811 751 3869 antea
775 3798 993 3868 convaluerant
1018 3797 1048 3868 in
1074 3822 1167 3868 carne
1192 3796 1249 3866 Dei
1275 3811 1308 3868 et

448 3933 579 4005 hominis
607 3932 836 4030 incorruptibile
864 3931 1039 4028 acceperint
1065 3933 1304 4013 incrementum„
