3038 5036
424 736 493 805 230
544 760 644 805 ninum
663 761 768 806 nunonis
786 759 1001 806 cnnrunumnsrs
1018 762 1166 808 mrsronn.

574 1040 775 1112 EPISTOLA
793 1042 863 1110 XII.
874 1040 978 1112 —Au
995 1043 1132 1113 Tnounu.

424 1221 574 1301 Amuliill,
601 1220 731 1291 loncestre
753 1223 824 1292 vitm
850 1221 990 1293 dilectori
1021 1223 1049 1292 Τ
1047 1223 1154 1304 lionne,
1184 1225 1283 1321 [rotor

476 1353 634 1432 Eloneras,
655 1355 793 1424 omnium
818 1354 998 1451 roliqioaom
1020 1357 1117 1425 citam
1133 1358 1285 1454 profiten—

476 1488 553 1556 tium
573 1499 746 1565 entremns,
770 1511 835 1557 snm
858 1501 961 1556 ontcm
985 1486 1158 1558 dilectionis
1180 1514 1285 1559 sorano

476 1619 510 1686 in
528 1616 586 1686 loc
606 1642 700 1713 cyeno
720 1617 795 1695 nito,
816 1616 934 1687 beatum
953 1620 1049 1688 vitum
1065 1644 1159 1714 super
1179 1622 1285 1689 omnin

475 1748 614 1845 diliqere,
633 1762 661 1818 et
678 1750 711 1817 in
729 1749 956 1820 interminabili
970 1752 1033 1822 nito
1055 1753 1140 1822 omni
1159 1765 1284 1848 eqestote

475 1882 542 1950 sine
556 1881 618 1976 [lna
635 1907 749 1950 curere.

477 2115 541 2185 Dici
569 2141 631 2186 non
653 2130 773 2214 potest,
803 2114 1020 2202 dilectissime,
1045 2131 1158 2214 quanta
1184 2117 1287 2188 laetitia

427 2246 598 2341 gratuletur
620 2273 675 2318 cor
700 2273 821 2331 meum,
847 2273 947 2344 quove
971 2247 1082 2344 gaudio
1110 2249 1288 2347 repleantur

427 2377 528 2446 omnia
551 2377 656 2448 intima
683 2403 770 2462 mea,
800 2379 839 2448 de
867 2378 916 2476 pio
941 2378 1098 2450 desiderio
1121 2379 1288 2452 dulcissimi

426 2506 528 2579 cordis
556 2509 670 2594 vestri,
700 2535 761 2606 quo
790 2509 911 2581 sublimi
946 2509 1115 2582 intentione
1150 2523 1287 2582 mentem

426 2653 565 2710 vestram
592 2639 636 2711 sic
660 2666 796 2738 superno
818 2642 914 2712 amori
937 2640 1115 2727 dedicastis,
1142 2655 1174 2714 ut
1199 2642 1287 2714 alicui

427 2790 554 2844 terreno
579 2773 676 2844 amori
700 2772 812 2844 amodo
833 2773 1007 2844 nullatenus
1033 2774 1154 2845 servire
1174 2774 1284 2846 velitis.

431 2964 812 2976 .......
843 2907 874 2976 Si
893 2907 982 2977 vobis
1001 2920 1050 2977 est
1067 2905 1153 2978 cordi
1167 2907 1286 3004 lapsum

425 3038 536 3121 vitare,
563 3039 656 3109 nolite
678 3040 765 3135 juxta
790 3037 898 3109 labiles
920 3038 1003 3136 ripas
1024 3037 1107 3109 ssuvii
1131 3038 1288 3110 saecularis

427 3171 592 3255 incedere,
617 3173 703 3269 quia,
729 3184 762 3241 ut
788 3171 816 3240 in
841 3171 968 3266 Virgilio
996 3171 1103 3267 legere
1124 3171 1254 3270 potestis
1279 3201 1285 3241 :

426 3307 496 3375 Non
515 3304 597 3374 bene
614 3304 690 3401 ripae
709 3303 846 3374 creditur
851 3361 1283 3373 ........

474 3439 564 3533 Rogo
576 3437 677 3533 igitur,
694 3437 865 3522 carissime,
883 3449 915 3508 ut
930 3433 1068 3535 prudens
1081 3461 1171 3507 mens
1181 3450 1289 3508 vestra

426 3571 580 3668 poeticum
599 3570 672 3642 illud
689 3570 867 3652 attendens,
887 3595 949 3667 quo
967 3569 1077 3641 dicitur
1098 3597 1103 3639 :

492 3807 627 3866 Pronaque
639 3816 719 3864 mmm
729 3801 980 3866 spectentanimalia
990 3808 1086 3853 cratera
1097 3809 1203 3866 terram,

492 3907 525 3952 Os
534 3902 634 3951 hornini
643 3901 755 3951 sublime
767 3901 849 3961 diruit,
861 3901 1008 3963 coetnnmue
1021 3902 1108 3952 videre

491 4001 608 4059 tussitat
621 4004 723 4049 erectos
735 3999 767 4047 art
782 3998 865 4048 sidera
880 3998 973 4048 totture
983 3999 1082 4049 vultus.
