<?xml version="1.0" encoding="UTF-8"?>
<!DOCTYPE html PUBLIC "-//W3C//DTD XHTML 1.0 Transitional//EN"
    "http://www.w3.org/TR/xhtml1/DTD/xhtml1-transitional.dtd">
<html xmlns="http://www.w3.org/1999/xhtml" xml:lang="en" lang="en">
 <head>
  <title>
</title>
<meta http-equiv="Content-Type" content="text/html;charset=utf-8" />
  <meta name='ocr-system' content='tesseract 3.04.00' />
  <meta name='ocr-capabilities' content='ocr_page ocr_carea ocr_par ocr_line ocrx_word'/>
</head>
<body>
  <div class='ocr_page' id='page_1' title='image "./epistolaeherber00ethegoog_0156.png"; bbox 0 0 3012 5040; ppageno 0'>
   <div class='ocr_carea' id='block_1_1' title="bbox 478 703 1130 770">
    <p class='ocr_par' dir='ltr' id='par_1_1' title="bbox 478 703 1130 770">
     <span class='ocr_line' id='line_1_1' title="bbox 478 703 1130 770; baseline 0.003 -2"><span class='ocrx_word' id='word_1_1' title='bbox 478 725 590 770; x_wconf 84' lang='lat' dir='ltr'>osnnnrr</span> <span class='ocrx_word' id='word_1_2' title='bbox 608 724 642 770; x_wconf 86' lang='lat' dir='ltr'>nn</span> <span class='ocrx_word' id='word_1_3' title='bbox 660 725 750 770; x_wconf 76' lang='lat' dir='ltr'>canna</span> <span class='ocrx_word' id='word_1_4' title='bbox 768 725 918 770; x_wconf 84' lang='lat' dir='ltr'>nrrsronn.</span> <span class='ocrx_word' id='word_1_5' title='bbox 1062 703 1130 770; x_wconf 72' lang='lat'>433</span> 
     </span>
    </p>
   </div>
   <div class='ocr_carea' id='block_1_2' title="bbox 269 880 1137 3893">
    <p class='ocr_par' dir='ltr' id='par_1_2' title="bbox 269 880 1137 3893">
     <span class='ocr_line' id='line_1_2' title="bbox 269 880 1132 981; baseline 0.005 -31"><span class='ocrx_word' id='word_1_6' title='bbox 269 880 338 951; x_wconf 89' lang='lat' dir='ltr'>oleo</span> <span class='ocrx_word' id='word_1_7' title='bbox 355 882 580 978; x_wconf 87' lang='lat' dir='ltr'>permisceatur</span> <span class='ocrx_word' id='word_1_8' title='bbox 597 881 779 966; x_wconf 75' lang='lat' dir='ltr'>antidotum,</span> <span class='ocrx_word' id='word_1_9' title='bbox 800 884 887 979; x_wconf 86' lang='lat' dir='ltr'>cujus</span> <span class='ocrx_word' id='word_1_10' title='bbox 909 908 969 981; x_wconf 91' lang='lat' dir='ltr'>ope</span> <span class='ocrx_word' id='word_1_11' title='bbox 992 883 1030 954; x_wconf 94' lang='lat' dir='ltr'>ad</span> <span class='ocrx_word' id='word_1_12' title='bbox 1047 883 1132 954; x_wconf 91' lang='lat' dir='ltr'>salu-</span> 
     </span>
     <span class='ocr_line' id='line_1_3' title="bbox 271 1013 1132 1113; baseline 0.005 -31"><span class='ocrx_word' id='word_1_13' title='bbox 271 1025 334 1084; x_wconf 90' lang='lat' dir='ltr'>tem</span> <span class='ocrx_word' id='word_1_14' title='bbox 351 1025 518 1086; x_wconf 89' lang='lat' dir='ltr'>convertas</span> <span class='ocrx_word' id='word_1_15' title='bbox 536 1026 700 1110; x_wconf 85' lang='lat' dir='ltr'>aegrotum.</span> <span class='ocrx_word' id='word_1_16' title='bbox 755 1013 807 1084; x_wconf 87' lang='lat' dir='ltr'>Sic</span> <span class='ocrx_word' id='word_1_17' title='bbox 823 1013 920 1086; x_wconf 90' lang='lat' dir='ltr'>debet</span> <span class='ocrx_word' id='word_1_18' title='bbox 937 1028 1027 1113; x_wconf 92' lang='lat' dir='ltr'>pater</span> <span class='ocrx_word' id='word_1_19' title='bbox 1048 1041 1132 1113; x_wconf 89' lang='lat' dir='ltr'>puo-</span> 
     </span>
     <span class='ocr_line' id='line_1_4' title="bbox 271 1145 1134 1244; baseline 0.002 -28"><span class='ocrx_word' id='word_1_20' title='bbox 271 1172 340 1217; x_wconf 90' lang='lat' dir='ltr'>rum</span> <span class='ocrx_word' id='word_1_21' title='bbox 356 1146 443 1243; x_wconf 90' lang='lat' dir='ltr'>virga</span> <span class='ocrx_word' id='word_1_22' title='bbox 463 1159 642 1244; x_wconf 89' lang='lat' dir='ltr'>percutere,</span> <span class='ocrx_word' id='word_1_23' title='bbox 665 1159 698 1217; x_wconf 92' lang='lat' dir='ltr'>ut</span> <span class='ocrx_word' id='word_1_24' title='bbox 719 1171 790 1217; x_wconf 92' lang='lat' dir='ltr'>eum</span> <span class='ocrx_word' id='word_1_25' title='bbox 810 1173 827 1218; x_wconf 94' lang='lat' dir='ltr'>a</span> <span class='ocrx_word' id='word_1_26' title='bbox 846 1145 958 1218; x_wconf 92' lang='lat' dir='ltr'>delicto</span> <span class='ocrx_word' id='word_1_27' title='bbox 971 1147 1082 1218; x_wconf 88' lang='lat' dir='ltr'>liberet</span> <span class='ocrx_word' id='word_1_28' title='bbox 1102 1162 1134 1218; x_wconf 92' lang='lat' dir='ltr'>et</span> 
     </span>
     <span class='ocr_line' id='line_1_5' title="bbox 272 1279 1130 1378; baseline 0.003 -31"><span class='ocrx_word' id='word_1_29' title='bbox 272 1303 397 1364; x_wconf 87' lang='lat' dir='ltr'>errore;</span> <span class='ocrx_word' id='word_1_30' title='bbox 411 1280 451 1350; x_wconf 92' lang='lat' dir='ltr'>ita</span> <span class='ocrx_word' id='word_1_31' title='bbox 464 1281 610 1350; x_wconf 90' lang='lat' dir='ltr'>convenit</span> <span class='ocrx_word' id='word_1_32' title='bbox 626 1280 703 1377; x_wconf 89' lang='lat' dir='ltr'>patri</span> <span class='ocrx_word' id='word_1_33' title='bbox 722 1279 870 1350; x_wconf 89' lang='lat' dir='ltr'>adhibere</span> <span class='ocrx_word' id='word_1_34' title='bbox 889 1281 1130 1378; x_wconf 83' lang='lat' dir='ltr'>correptionem,</span> 
     </span>
     <span class='ocr_line' id='line_1_6' title="bbox 273 1411 1133 1510; baseline 0.001 -29"><span class='ocrx_word' id='word_1_35' title='bbox 273 1436 312 1481; x_wconf 93' lang='lat' dir='ltr'>ne</span> <span class='ocrx_word' id='word_1_36' title='bbox 329 1411 558 1510; x_wconf 79' lang='lat' dir='ltr'>delinquentem</span> <span class='ocrx_word' id='word_1_37' title='bbox 581 1411 710 1484; x_wconf 86' lang='lat' dir='ltr'>adducat</span> <span class='ocrx_word' id='word_1_38' title='bbox 733 1413 763 1483; x_wconf 90' lang='lat' dir='ltr'>in</span> <span class='ocrx_word' id='word_1_39' title='bbox 784 1412 1045 1510; x_wconf 71' lang='lat' dir='ltr'>desperationem.</span> <span class='ocrx_word' id='word_1_40' title='bbox 1101 1413 1133 1482; x_wconf 88' lang='lat' dir='ltr'>Si</span> 
     </span>
     <span class='ocr_line' id='line_1_7' title="bbox 272 1544 1132 1644; baseline 0.003 -31"><span class='ocrx_word' id='word_1_41' title='bbox 272 1544 384 1642; x_wconf 89' lang='lat' dir='ltr'>aliquid</span> <span class='ocrx_word' id='word_1_42' title='bbox 404 1545 435 1615; x_wconf 94' lang='lat' dir='ltr'>in</span> <span class='ocrx_word' id='word_1_43' title='bbox 458 1545 605 1643; x_wconf 89' lang='lat' dir='ltr'>sipienter</span> <span class='ocrx_word' id='word_1_44' title='bbox 629 1547 678 1642; x_wconf 90' lang='lat' dir='ltr'>egi</span> <span class='ocrx_word' id='word_1_45' title='bbox 704 1546 788 1644; x_wconf 91' lang='lat' dir='ltr'>quod</span> <span class='ocrx_word' id='word_1_46' title='bbox 810 1546 863 1616; x_wconf 90' lang='lat' dir='ltr'>tibi</span> <span class='ocrx_word' id='word_1_47' title='bbox 884 1545 1048 1644; x_wconf 77' lang='lat' dir='ltr'>displicuit,</span> <span class='ocrx_word' id='word_1_48' title='bbox 1070 1572 1132 1616; x_wconf 95' lang='lat' dir='ltr'>non</span> 
     </span>
     <span class='ocr_line' id='line_1_8' title="bbox 276 1677 1132 1776; baseline 0.001 -30"><span class='ocrx_word' id='word_1_49' title='bbox 276 1677 381 1747; x_wconf 85' lang='lat' dir='ltr'>livoris</span> <span class='ocrx_word' id='word_1_50' title='bbox 394 1691 446 1748; x_wconf 90' lang='lat' dir='ltr'>aut</span> <span class='ocrx_word' id='word_1_51' title='bbox 459 1678 593 1762; x_wconf 67' lang='lat' dir='ltr'>malitiae,</span> <span class='ocrx_word' id='word_1_52' title='bbox 615 1678 671 1749; x_wconf 93' lang='lat' dir='ltr'>sed</span> <span class='ocrx_word' id='word_1_53' title='bbox 684 1678 883 1776; x_wconf 82' lang='lat' dir='ltr'>simplicitatis</span> <span class='ocrx_word' id='word_1_54' title='bbox 901 1678 966 1760; x_wconf 84' lang='lat' dir='ltr'>fuit,</span> <span class='ocrx_word' id='word_1_55' title='bbox 984 1690 1015 1747; x_wconf 90' lang='lat' dir='ltr'>et</span> <span class='ocrx_word' id='word_1_56' title='bbox 1028 1690 1132 1748; x_wconf 87' lang='lat' dir='ltr'>tamen</span> 
     </span>
     <span class='ocr_line' id='line_1_9' title="bbox 278 1808 1131 1909; baseline 0.004 -32"><span class='ocrx_word' id='word_1_57' title='bbox 278 1808 325 1878; x_wconf 95' lang='lat' dir='ltr'>illa</span> <span class='ocrx_word' id='word_1_58' title='bbox 345 1809 524 1908; x_wconf 82' lang='lat' dir='ltr'>simplicitas</span> <span class='ocrx_word' id='word_1_59' title='bbox 546 1825 651 1909; x_wconf 92' lang='lat' dir='ltr'>quate</span> <span class='ocrx_word' id='word_1_60' title='bbox 680 1812 857 1909; x_wconf 86' lang='lat' dir='ltr'>provocavi,</span> <span class='ocrx_word' id='word_1_61' title='bbox 882 1811 920 1882; x_wconf 94' lang='lat' dir='ltr'>ad</span> <span class='ocrx_word' id='word_1_62' title='bbox 944 1810 1131 1882; x_wconf 87' lang='lat' dir='ltr'>iracundiam</span> 
     </span>
     <span class='ocr_line' id='line_1_10' title="bbox 275 1940 1134 2042; baseline 0.003 -31"><span class='ocrx_word' id='word_1_63' title='bbox 275 1940 500 2040; x_wconf 81' lang='lat' dir='ltr'>lachrymamm</span> <span class='ocrx_word' id='word_1_64' title='bbox 542 1969 624 2042; x_wconf 91' lang='lat' dir='ltr'>pene</span> <span class='ocrx_word' id='word_1_65' title='bbox 665 1943 801 2042; x_wconf 90' lang='lat' dir='ltr'>quotidie</span> <span class='ocrx_word' id='word_1_66' title='bbox 844 1942 989 2015; x_wconf 87' lang='lat' dir='ltr'>fluctibus</span> <span class='ocrx_word' id='word_1_67' title='bbox 1028 1943 1134 2040; x_wconf 82' lang='lat' dir='ltr'>irrigat</span> 
     </span>
     <span class='ocr_line' id='line_1_11' title="bbox 277 2075 1134 2174; baseline 0.002 -30"><span class='ocrx_word' id='word_1_68' title='bbox 277 2075 384 2146; x_wconf 80' lang='lat' dir='ltr'>faciem</span> <span class='ocrx_word' id='word_1_69' title='bbox 402 2100 514 2147; x_wconf 91' lang='lat' dir='ltr'>meam.</span> <span class='ocrx_word' id='word_1_70' title='bbox 566 2078 638 2146; x_wconf 94' lang='lat' dir='ltr'>Non</span> <span class='ocrx_word' id='word_1_71' title='bbox 654 2076 737 2174; x_wconf 89' lang='lat' dir='ltr'>quod</span> <span class='ocrx_word' id='word_1_72' title='bbox 755 2101 807 2147; x_wconf 91' lang='lat' dir='ltr'>me</span> <span class='ocrx_word' id='word_1_73' title='bbox 825 2076 1013 2148; x_wconf 89' lang='lat' dir='ltr'>conscientia</span> <span class='ocrx_word' id='word_1_74' title='bbox 1026 2090 1134 2173; x_wconf 86' lang='lat' dir='ltr'>arguat</span> 
     </span>
     <span class='ocr_line' id='line_1_12' title="bbox 276 2206 1134 2304; baseline 0.002 -28"><span class='ocrx_word' id='word_1_75' title='bbox 276 2206 375 2278; x_wconf 90' lang='lat' dir='ltr'>studio</span> <span class='ocrx_word' id='word_1_76' title='bbox 409 2221 462 2278; x_wconf 88' lang='lat' dir='ltr'>ant</span> <span class='ocrx_word' id='word_1_77' title='bbox 491 2207 650 2278; x_wconf 90' lang='lat' dir='ltr'>voluntate</span> <span class='ocrx_word' id='word_1_78' title='bbox 683 2207 736 2278; x_wconf 91' lang='lat' dir='ltr'>tibi</span> <span class='ocrx_word' id='word_1_79' title='bbox 768 2208 929 2304; x_wconf 75' lang='lat' dir='ltr'>quaesiisse</span> <span class='ocrx_word' id='word_1_80' title='bbox 960 2207 1134 2278; x_wconf 89' lang='lat' dir='ltr'>detrimen-</span> 
     </span>
     <span class='ocr_line' id='line_1_13' title="bbox 277 2339 1135 2438; baseline 0.001 -29"><span class='ocrx_word' id='word_1_81' title='bbox 277 2352 352 2424; x_wconf 92' lang='lat' dir='ltr'>tum,</span> <span class='ocrx_word' id='word_1_82' title='bbox 376 2340 433 2410; x_wconf 91' lang='lat' dir='ltr'>sed</span> <span class='ocrx_word' id='word_1_83' title='bbox 447 2340 517 2438; x_wconf 89' lang='lat' dir='ltr'>quia</span> <span class='ocrx_word' id='word_1_84' title='bbox 531 2340 667 2438; x_wconf 91' lang='lat' dir='ltr'>quolibet</span> <span class='ocrx_word' id='word_1_85' title='bbox 685 2339 778 2410; x_wconf 92' lang='lat' dir='ltr'>modo</span> <span class='ocrx_word' id='word_1_86' title='bbox 802 2353 941 2438; x_wconf 87' lang='lat' dir='ltr'>paternae</span> <span class='ocrx_word' id='word_1_87' title='bbox 960 2341 1135 2413; x_wconf 88' lang='lat' dir='ltr'>severitatis</span> 
     </span>
     <span class='ocr_line' id='line_1_14' title="bbox 276 2469 1135 2544; baseline 0.003 -4"><span class='ocrx_word' id='word_1_88' title='bbox 276 2495 326 2541; x_wconf 92' lang='lat' dir='ltr'>me</span> <span class='ocrx_word' id='word_1_89' title='bbox 359 2471 528 2542; x_wconf 87' lang='lat' dir='ltr'>incurrisse</span> <span class='ocrx_word' id='word_1_90' title='bbox 556 2471 650 2542; x_wconf 91' lang='lat' dir='ltr'>timeo</span> <span class='ocrx_word' id='word_1_91' title='bbox 683 2469 891 2542; x_wconf 90' lang='lat' dir='ltr'>maledictum.</span> <span class='ocrx_word' id='word_1_92' title='bbox 953 2473 1025 2542; x_wconf 93' lang='lat' dir='ltr'>Non</span> <span class='ocrx_word' id='word_1_93' title='bbox 1051 2473 1135 2544; x_wconf 93' lang='lat' dir='ltr'>enim</span> 
     </span>
     <span class='ocr_line' id='line_1_15' title="bbox 275 2603 1135 2704; baseline 0.001 -30"><span class='ocrx_word' id='word_1_94' title='bbox 275 2603 314 2674; x_wconf 91' lang='lat' dir='ltr'>de</span> <span class='ocrx_word' id='word_1_95' title='bbox 334 2606 534 2700; x_wconf 80' lang='lat' dir='ltr'>generatione</span> <span class='ocrx_word' id='word_1_96' title='bbox 552 2605 648 2676; x_wconf 90' lang='lat' dir='ltr'>Cham</span> <span class='ocrx_word' id='word_1_97' title='bbox 671 2630 741 2675; x_wconf 92' lang='lat' dir='ltr'>mea</span> <span class='ocrx_word' id='word_1_98' title='bbox 763 2605 923 2701; x_wconf 89' lang='lat' dir='ltr'>generatio</span> <span class='ocrx_word' id='word_1_99' title='bbox 941 2605 1063 2702; x_wconf 87' lang='lat' dir='ltr'>prodiit,</span> <span class='ocrx_word' id='word_1_100' title='bbox 1084 2607 1135 2704; x_wconf 92' lang='lat' dir='ltr'>qui</span> 
     </span>
     <span class='ocr_line' id='line_1_16' title="bbox 275 2736 1136 2835; baseline 0.002 -28"><span class='ocrx_word' id='word_1_101' title='bbox 275 2737 370 2834; x_wconf 91' lang='lat' dir='ltr'>patris</span> <span class='ocrx_word' id='word_1_102' title='bbox 393 2736 564 2809; x_wconf 88' lang='lat' dir='ltr'>nuditatem</span> <span class='ocrx_word' id='word_1_103' title='bbox 586 2737 825 2835; x_wconf 88' lang='lat' dir='ltr'>contemplando</span> <span class='ocrx_word' id='word_1_104' title='bbox 847 2737 963 2808; x_wconf 91' lang='lat' dir='ltr'>derisit.</span> <span class='ocrx_word' id='word_1_105' title='bbox 1016 2740 1136 2810; x_wconf 89' lang='lat' dir='ltr'>Proce-</span> 
     </span>
     <span class='ocr_line' id='line_1_17' title="bbox 274 2869 1134 2968; baseline 0 -28"><span class='ocrx_word' id='word_1_106' title='bbox 274 2869 347 2940; x_wconf 92' lang='lat' dir='ltr'>dant</span> <span class='ocrx_word' id='word_1_107' title='bbox 364 2882 463 2940; x_wconf 88' lang='lat' dir='ltr'>testes</span> <span class='ocrx_word' id='word_1_108' title='bbox 477 2869 528 2952; x_wconf 88' lang='lat' dir='ltr'>illi,</span> <span class='ocrx_word' id='word_1_109' title='bbox 549 2871 574 2940; x_wconf 91' lang='lat' dir='ltr'>si</span> <span class='ocrx_word' id='word_1_110' title='bbox 592 2871 704 2968; x_wconf 88' lang='lat' dir='ltr'>placet,</span> <span class='ocrx_word' id='word_1_111' title='bbox 725 2870 839 2953; x_wconf 87' lang='lat' dir='ltr'>idonei,</span> <span class='ocrx_word' id='word_1_112' title='bbox 859 2871 910 2968; x_wconf 89' lang='lat' dir='ltr'>qui</span> <span class='ocrx_word' id='word_1_113' title='bbox 932 2895 983 2940; x_wconf 92' lang='lat' dir='ltr'>me</span> <span class='ocrx_word' id='word_1_114' title='bbox 1002 2895 1134 2966; x_wconf 85' lang='lat' dir='ltr'>arguero</span> 
     </span>
     <span class='ocr_line' id='line_1_18' title="bbox 275 3001 1134 3100; baseline 0.001 -28"><span class='ocrx_word' id='word_1_115' title='bbox 275 3002 393 3100; x_wconf 87' lang='lat' dir='ltr'>possint</span> <span class='ocrx_word' id='word_1_116' title='bbox 415 3013 467 3074; x_wconf 90' lang='lat' dir='ltr'>aut</span> <span class='ocrx_word' id='word_1_117' title='bbox 491 3015 592 3072; x_wconf 90' lang='lat' dir='ltr'>metas</span> <span class='ocrx_word' id='word_1_118' title='bbox 616 3001 686 3073; x_wconf 88' lang='lat' dir='ltr'>fidei</span> <span class='ocrx_word' id='word_1_119' title='bbox 710 3003 892 3087; x_wconf 89' lang='lat' dir='ltr'>transilisse,</span> <span class='ocrx_word' id='word_1_120' title='bbox 919 3016 970 3075; x_wconf 89' lang='lat' dir='ltr'>aut</span> <span class='ocrx_word' id='word_1_121' title='bbox 983 3004 1085 3098; x_wconf 85' lang='lat' dir='ltr'>jurata</span> <span class='ocrx_word' id='word_1_122' title='bbox 1104 3002 1134 3073; x_wconf 93' lang='lat' dir='ltr'>in</span> 
     </span>
     <span class='ocr_line' id='line_1_19' title="bbox 273 3133 1136 3206; baseline 0 -1"><span class='ocrx_word' id='word_1_123' title='bbox 273 3133 385 3205; x_wconf 84' lang='lat' dir='ltr'>Christi</span> <span class='ocrx_word' id='word_1_124' title='bbox 399 3149 592 3205; x_wconf 90' lang='lat' dir='ltr'>sacramenta</span> <span class='ocrx_word' id='word_1_125' title='bbox 611 3135 747 3206; x_wconf 87' lang='lat' dir='ltr'>tirocinia</span> <span class='ocrx_word' id='word_1_126' title='bbox 761 3135 843 3206; x_wconf 90' lang='lat' dir='ltr'>votis</span> <span class='ocrx_word' id='word_1_127' title='bbox 859 3134 1062 3206; x_wconf 88' lang='lat' dir='ltr'>mendacibus</span> <span class='ocrx_word' id='word_1_128' title='bbox 1076 3160 1136 3205; x_wconf 87' lang='lat' dir='ltr'>ex-</span> 
     </span>
     <span class='ocr_line' id='line_1_20' title="bbox 274 3265 1134 3365; baseline 0.002 -30"><span class='ocrx_word' id='word_1_129' title='bbox 274 3265 418 3336; x_wconf 88' lang='lat' dir='ltr'>cessisse.</span> <span class='ocrx_word' id='word_1_130' title='bbox 472 3266 585 3338; x_wconf 91' lang='lat' dir='ltr'>Veniat</span> <span class='ocrx_word' id='word_1_131' title='bbox 608 3269 701 3338; x_wconf 90' lang='lat' dir='ltr'>Jesus</span> <span class='ocrx_word' id='word_1_132' title='bbox 726 3269 834 3353; x_wconf 89' lang='lat' dir='ltr'>Naue,</span> <span class='ocrx_word' id='word_1_133' title='bbox 863 3267 913 3365; x_wconf 93' lang='lat' dir='ltr'>qui</span> <span class='ocrx_word' id='word_1_134' title='bbox 943 3293 994 3337; x_wconf 91' lang='lat' dir='ltr'>me</span> <span class='ocrx_word' id='word_1_135' title='bbox 1022 3291 1134 3338; x_wconf 88' lang='lat' dir='ltr'>revera</span> 
     </span>
     <span class='ocr_line' id='line_1_21' title="bbox 274 3399 1137 3499; baseline 0 -28"><span class='ocrx_word' id='word_1_136' title='bbox 274 3425 344 3471; x_wconf 91' lang='lat' dir='ltr'>oum</span> <span class='ocrx_word' id='word_1_137' title='bbox 361 3400 466 3472; x_wconf 82' lang='lat' dir='ltr'>Achar</span> <span class='ocrx_word' id='word_1_138' title='bbox 482 3401 596 3499; x_wconf 88' lang='lat' dir='ltr'>probet</span> <span class='ocrx_word' id='word_1_139' title='bbox 614 3400 811 3496; x_wconf 86' lang='lat' dir='ltr'>sacrilegium</span> <span class='ocrx_word' id='word_1_140' title='bbox 833 3401 1012 3485; x_wconf 87' lang='lat' dir='ltr'>incurrisse,</span> <span class='ocrx_word' id='word_1_141' title='bbox 1029 3414 1061 3471; x_wconf 91' lang='lat' dir='ltr'>et</span> <span class='ocrx_word' id='word_1_142' title='bbox 1077 3399 1137 3471; x_wconf 92' lang='lat' dir='ltr'>ad-</span> 
     </span>
     <span class='ocr_line' id='line_1_22' title="bbox 275 3532 1136 3632; baseline -0.002 -28"><span class='ocrx_word' id='word_1_143' title='bbox 275 3534 362 3605; x_wconf 90' lang='lat' dir='ltr'>sistat</span> <span class='ocrx_word' id='word_1_144' title='bbox 378 3533 523 3618; x_wconf 74' lang='lat' dir='ltr'>PhineeS,</span> <span class='ocrx_word' id='word_1_145' title='bbox 544 3533 643 3632; x_wconf 89' lang='lat' dir='ltr'>quiin</span> <span class='ocrx_word' id='word_1_146' title='bbox 661 3547 766 3604; x_wconf 91' lang='lat' dir='ltr'>scorto</span> <span class='ocrx_word' id='word_1_147' title='bbox 783 3532 979 3606; x_wconf 88' lang='lat' dir='ltr'>Madianitida</span> <span class='ocrx_word' id='word_1_148' title='bbox 996 3533 1136 3604; x_wconf 89' lang='lat' dir='ltr'>adstruat</span> 
     </span>
     <span class='ocr_line' id='line_1_23' title="bbox 274 3666 1134 3764; baseline 0.001 -27"><span class='ocrx_word' id='word_1_149' title='bbox 274 3667 426 3738; x_wconf 90' lang='lat' dir='ltr'>veraciter</span> <span class='ocrx_word' id='word_1_150' title='bbox 438 3666 623 3739; x_wconf 89' lang='lat' dir='ltr'>adulterium</span> <span class='ocrx_word' id='word_1_151' title='bbox 636 3666 840 3738; x_wconf 89' lang='lat' dir='ltr'>commisisse.</span> <span class='ocrx_word' id='word_1_152' title='bbox 884 3667 1005 3764; x_wconf 87' lang='lat' dir='ltr'>Tuque,</span> <span class='ocrx_word' id='word_1_153' title='bbox 1021 3667 1134 3738; x_wconf 88' lang='lat' dir='ltr'>vindex</span> 
     </span>
     <span class='ocr_line' id='line_1_24' title="bbox 274 3797 1135 3893; baseline 0 -25"><span class='ocrx_word' id='word_1_154' title='bbox 274 3798 444 3882; x_wconf 89' lang='lat' dir='ltr'>scelerum,</span> <span class='ocrx_word' id='word_1_155' title='bbox 473 3797 602 3868; x_wconf 88' lang='lat' dir='ltr'>extrahe</span> <span class='ocrx_word' id='word_1_156' title='bbox 633 3797 697 3867; x_wconf 94' lang='lat' dir='ltr'>veri</span> <span class='ocrx_word' id='word_1_157' title='bbox 724 3797 897 3868; x_wconf 90' lang='lat' dir='ltr'>Salomonis</span> <span class='ocrx_word' id='word_1_158' title='bbox 924 3797 1075 3893; x_wconf 75' lang='lat' dir='ltr'>gladium,</span> <span class='ocrx_word' id='word_1_159' title='bbox 1105 3813 1135 3868; x_wconf 90' lang='lat' dir='ltr'>et</span> 
     </span>
    </p>
   </div>
   <div class='ocr_carea' id='block_1_3' title="bbox 274 3930 1134 4029">
    <p class='ocr_par' dir='ltr' id='par_1_3' title="bbox 274 3930 1134 4029">
     <span class='ocr_line' id='line_1_25' title="bbox 274 3930 1134 4029; baseline 0.001 -30"><span class='ocrx_word' id='word_1_160' title='bbox 274 3930 353 4001; x_wconf 91' lang='lat' dir='ltr'>inter</span> <span class='ocrx_word' id='word_1_161' title='bbox 370 3930 446 4002; x_wconf 92' lang='lat' dir='ltr'>duas</span> <span class='ocrx_word' id='word_1_162' title='bbox 466 3931 654 4002; x_wconf 85' lang='lat' dir='ltr'>dissidentes</span> <span class='ocrx_word' id='word_1_163' title='bbox 671 3932 865 4014; x_wconf 88' lang='lat' dir='ltr'>meretrices,</span> <span class='ocrx_word' id='word_1_164' title='bbox 882 3931 1041 4029; x_wconf 91' lang='lat' dir='ltr'>proprium</span> <span class='ocrx_word' id='word_1_165' title='bbox 1058 3957 1134 4028; x_wconf 91' lang='lat' dir='ltr'>pro-</span> 
     </span>
    </p>
   </div>
   <div class='ocr_carea' id='block_1_4' title="bbox 0 0 1510 5040">
    <p class='ocr_par' dir='ltr' id='par_1_4' title="bbox 0 0 1510 5040">
     <span class='ocr_line' id='line_1_26' title="bbox 0 0 1510 5040; baseline 0 0"><span class='ocrx_word' id='word_1_166' title='bbox 0 0 1510 5040; x_wconf 95' lang='lat' dir='ltr'> </span> 
     </span>
    </p>
   </div>
  </div>
 </body>
</html>
