3012 5040
370 689 438 762 l2l
574 713 684 758 osorum
702 713 737 757 ur
754 713 846 758 cmm
863 713 1010 756 rrrsroru.

367 873 434 942 terii
473 872 585 967 injuste
614 871 770 953 detinent,
801 871 925 967 plenam
954 869 1045 940 vobis
1076 869 1228 966 justitiam

369 1005 467 1076 saciat.
503 1006 615 1074 Vestra
629 1003 731 1100 itaque
746 1002 911 1085 interesse,
931 1001 1033 1072 dilecti
1050 1002 1080 1071 in
1093 1001 1229 1070 Domino

369 1135 430 1221 filii,
455 1137 494 1207 ita
512 1137 599 1233 juxta
616 1135 844 1234 professionem
863 1148 1000 1206 vestram
1018 1134 1161 1231 religiose
1177 1134 1229 1204 vi—

369 1294 443 1340 vere
468 1281 502 1340 et
526 1267 607 1339 beati
633 1267 794 1340 Benedicti
821 1267 960 1364 regulam
984 1269 1168 1350 observare,
1194 1279 1230 1338 ut

369 1411 484 1470 vestrae
507 1399 599 1470 bonae
622 1397 865 1468 conversationis
888 1397 1066 1495 exemplum
1091 1396 1166 1469 alios
1189 1397 1229 1468 ad

369 1532 451 1601 bene
475 1529 643 1601 vivendum
665 1529 806 1614 edoceat,
827 1543 858 1600 et
874 1542 975 1601 mater
996 1543 1100 1601 vestra
1123 1541 1230 1600 sancta

369 1667 506 1735 Romana
519 1662 649 1734 ecclesia
665 1663 704 1733 de
718 1663 832 1734 vestris
844 1663 936 1734 bonis
949 1663 1118 1735 actionibus
1130 1661 1231 1732 valeat

370 1796 516 1867 exaltare.
571 1798 644 1866 Data
664 1795 806 1867 Laterani
824 1797 852 1865 V
869 1795 937 1867 idus
953 1795 1103 1865 Decemb.

493 2056 695 2126 llPlSTOLA
712 2058 792 2126 Vlll.
810 2058 919 2126 —Ao
936 2057 1104 2130 Arsuruuu.

370 2240 565 2312 Saevissimo
577 2240 711 2308 Domino
723 2265 760 2308 oo
771 2241 965 2309 serenissimo
972 2241 1061 2334 putri
1073 2239 1169 2310 Ansel
1222 2299 1231 2319 ,

419 2373 480 2442 Dei
495 2374 602 2470 pratia
621 2386 735 2444 sonctoe
752 2375 902 2443 Romanor
924 2372 1057 2442 ecclesiae
1074 2373 1141 2470 filio
1162 2387 1233 2443 ute—

419 2508 499 2586 rino,
516 2531 623 2576 servus
639 2507 707 2602 ejus
723 2505 822 2602 frater
837 2504 994 2584 Ostorius,
1011 2507 1109 2575 oioere
1125 2522 1153 2575 et
1170 2506 1233 2576 loe—

421 2640 484 2708 tari
500 2639 534 2707 in
549 2639 691 2708 Domino.

421 2851 572 2937 Quoniam
587 2851 743 2948 diligentia
759 2850 969 2922 sollicitudinis
984 2865 1100 2923 vestrae
1113 2877 1170 2949 per
1189 2851 1235 2923 di-

372 3011 462 3056 versa
485 2983 591 3055 mundi
613 2984 709 3081 spatia
732 2983 846 3054 multos
866 2983 904 3054 ad
927 3009 1066 3053 amorem
1084 2984 1184 3055 beatae
1202 2999 1236 3054 et

373 3115 516 3211 gloriosae
533 3115 590 3184 Dei
609 3114 767 3209 genitricis
783 3115 890 3186 Mariae
908 3116 1066 3186 ferventer
1083 3115 1232 3199 accendit,

371 3273 443 3346 quae
460 3247 553 3318 castis
571 3247 742 3317 visceribus
758 3260 919 3344 perpetuae
936 3247 1118 3344 virginitatis
1132 3261 1235 3318 aucto-

374 3409 442 3453 rem
459 3381 529 3452 coeli
548 3393 580 3450 et
598 3393 702 3464 terrae,
723 3379 880 3452 Christum
898 3381 1074 3464 Dominum,
1094 3381 1237 3478 concepit

375 3528 408 3586 et
422 3513 553 3612 peperit,
570 3526 602 3583 et
614 3513 644 3582 in
658 3513 762 3584 multis
774 3513 850 3583 locis
862 3513 1038 3584 celebratur
1052 3514 1118 3609 ejus
1130 3525 1236 3583 vestra

376 3646 537 3718 sedulitate
553 3645 631 3716 lesta
652 3645 836 3742 Conceptio
857 3671 949 3743 quam
968 3645 1135 3744 antiquitus
1155 3643 1236 3740 apud

375 3791 479 3876 patres
498 3777 620 3846 reseres
635 3775 796 3846 celebrare
814 3802 876 3846 non
889 3775 1051 3847 consuevit
1064 3774 1236 3846 Christiana

376 3911 499 4006 religi03
528 3909 610 3980 uude
637 3909 666 3979 in
690 3908 818 3979 ecclesia
841 3909 897 3978 Dei
924 3935 1019 4007 quum
1037 3935 1053 3978 a
1071 3907 1161 3978 nobis
1179 3932 1237 3976 ce-
