3038 5036
460 731 572 776 osnunn
594 732 628 776 nr
651 732 743 776 urana
765 731 912 776 narsrouu.
1049 707 1116 775 495

257 887 420 960 suetudine
449 889 653 986 praevaleret,
675 889 753 960 sicut
779 889 973 987 seripserunt
1002 904 1116 988 poetae,

257 1043 348 1089 secus
368 1045 508 1090 murmur
523 1021 636 1091 leniter
656 1011 897 1118 sonantis'aqnae
916 1021 1063 1105 substitit,
1087 1035 1119 1092 et

258 1167 474 1248 praegravante
484 1179 599 1254 *somno
617 1153 758 1249 languida
773 1167 834 1224 tota
848 1167 880 1223 et
893 1154 975 1224 sessa
988 1153 1115 1224 resedit.

258 1286 351 1381 Cujus
369 1287 491 1383 species
513 1313 529 1358 a
548 1289 649 1358 Marte
671 1286 748 1369 vise,
775 1286 888 1384 diuque
906 1302 977 1357 ante
998 1312 1119 1358 concu-

258 1419 329 1515 pita,
343 1433 416 1491 tunc
429 1420 554 1492 demum
568 1420 740 1518 intercepta
755 1433 815 1499 est,
830 1433 861 1490 et
872 1419 996 1490 fallente
1010 1446 1119 1490 somno

258 1552 345 1648 virgo
367 1567 522 1651 corrupta.
576 1553 788 1650 Concepitque
807 1552 959 1648 gemellos
985 1577 1024 1622 ex
1047 1551 1118 1622 divo

259 1685 377 1755 semine
406 1685 501 1768 filios,
532 1685 742 1783 evigilansque
773 1685 926 1756 somnium
949 1685 1115 1766 intellexit,

258 1814 339 1912 quod
366 1815 499 1888 faustum
531 1829 563 1886 et
593 1815 666 1886 utile
696 1816 831 1888 loturum
865 1842 927 1887 non
957 1815 1114 1886 dubitavit.

230 1987 232 1992 ,
258 1945 385 2017 Viderat
411 1948 494 2018 enim
520 1973 554 2018 se
583 1948 614 2018 in
638 1948 755 2046 templo
779 1951 886 2020 Vestae
912 1962 983 2020 ante
1011 1973 1118 2019 sacros

259 2077 349 2174 ignes
370 2079 536 2166 excubare,
556 2079 607 2178 qui
631 2080 808 2153 mechanica
827 2107 867 2152 ex
885 2081 1029 2180 junipero
1050 2094 1118 2152 arte

259 2209 398 2296 conficti,
428 2211 558 2283 Albanis
580 2211 765 2283 videbantur
785 2237 857 2282 esse
877 2213 1030 2312 perpetui.
1083 2215 1117 2282 ln

259 2341 371 2414 eodem
388 2344 467 2428 loco,
491 2370 530 2415 ex
552 2345 651 2442 capite
676 2371 732 2417 suo
758 2344 824 2415 visa
846 2357 896 2416 est
916 2345 944 2416 ei
966 2345 1040 2416 vitta
1064 2345 1118 2416 de-

259 2474 367 2560 lluere,
389 2475 527 2574 duasque
549 2477 713 2574 repentino
727 2489 796 2548 ortu
809 2477 908 2547 cernit
924 2477 1041 2574 palmas
1059 2502 1118 2547 ex-

259 2631 407 2703 surgere,
439 2634 570 2706 quarum
596 2609 692 2680 altera
718 2610 817 2705 major
846 2623 930 2692 erat,
960 2621 1118 2708 totamque

258 2739 368 2810 faciem
388 2741 473 2812 orbis
496 2755 593 2813 terrae
619 2742 782 2814 frondibus
808 2756 840 2813 et
863 2742 957 2813 ramis
978 2741 1117 2812 circum-

259 2871 360 2944 dando
372 2886 577 2972 praetexerat3
593 2876 680 2972 cujus
697 2899 796 2946 comae
813 2873 891 2946 adeo
908 2873 998 2944 elatae
1016 2887 1115 2954 erant,

260 3004 342 3105 quod
353 3005 562 3101 magnitudine
577 3006 623 3076 sui
634 3006 673 3078 ad
682 3006 780 3077 ooelos
793 3005 1115 3104 usquepenetrabant3

259 3138 534 3236 contemplansque
547 3150 691 3236 patruum
706 3165 796 3210 suum
808 3137 966 3210 Amulium
983 3137 1117 3210 securim

258 3269 418 3354 adhibere,
436 3283 470 3342 ut
483 3269 616 3342 eandem
632 3271 779 3342 arborem
792 3270 924 3342 deberet
944 3269 1115 3356 succidere,

256 3413 350 3471 tantae
366 3399 494 3471 visionis
514 3399 680 3496 imaginem
702 3401 830 3472 miratur
853 3401 1012 3486 exterrita,
1033 3401 1115 3498 quod

257 3557 313 3629 per
330 3533 431 3630 picum
448 3547 480 3603 et
497 3533 600 3630 lupam
617 3534 657 3604 ab
674 3533 722 3604 illa
741 3533 913 3605 succisione
935 3534 1036 3604 stabat
1053 3533 1116 3604 de-

256 3663 353 3735 lensa.
382 3669 384 3672 ’
407 3666 514 3764 Aquas
533 3666 636 3764 itaque
657 3667 757 3762 virgo,
779 3665 836 3737 sed
855 3692 918 3736 non
931 3667 996 3762 jam
1014 3665 1114 3762 virgo,

256 3795 295 3867 ad
308 3823 412 3869 sacras
426 3798 511 3869 aedes
526 3799 640 3884 retulit,
657 3812 689 3870 et
703 3797 786 3897 quod
799 3798 830 3868 in
844 3797 971 3869 somniis
984 3798 1114 3881 viderat,

257 3928 377 4000 referre
395 3957 458 4002 non
480 3931 663 4004 formidavit.
717 3933 889 4002 Crescente
910 3930 1013 4028 itaque
1031 3944 1116 4000 tem-
