3038 5036
405 688 474 758 484
611 714 723 760 osunen
741 714 776 760 ne
792 715 884 760 crana
902 715 1049 760 emmone.

403 874 451 945 via
466 875 604 946 veritatis
616 889 648 945 et
660 877 745 971 justo
755 875 869 971 judicio
887 877 973 946 multi
987 877 1168 974 frequenter
1182 902 1259 946 con-

308 1025 311 1032 '
405 1019 573 1076 sueverunt
590 1005 724 1076 deviare.
779 1005 909 1077 Valeant
933 1006 1047 1078 domini
1071 1019 1102 1077 et
1123 1007 1266 1077 seniores

406 1140 466 1210 mci
484 1139 691 1211 dilectissimi!

466 1407 667 1478 EPISTOLA
689 1409 865 1478 XXXVIII.
883 1453 931 1462 -
949 1409 997 1480 An
1015 1411 1207 1480 Toronaeum

710 1542 958 1612 Cauronnmnsrn.

408 1725 612 1797 Sanctissimo
635 1728 724 1822 putri
752 1739 780 1796 et
803 1727 999 1795 serenissimo
1031 1724 1271 1795 Contoom'ensis

457 1859 588 1929 ecclesie
605 1859 747 1956 pontifici
767 1873 796 1929 et
820 1861 912 1928 totius
928 1859 1105 1929 Britannia>
1121 1859 1268 1954 primati,

457 1987 626 2059 venorabili
644 1989 779 2060 Domino
798 2016 853 2060 suo
873 1989 1046 2086 apostolico
1066 1989 1148 2060 sedis
1172 1990 1271 2088 leuato

458 2121 519 2190 Dei
531 2121 638 2216 qratia
655 2119 836 2200 Theoboldo
853 2119 1001 2192 osbertus
1012 2119 1048 2190 de
1061 2119 1171 2200 Claro,
1183 2121 1272 2218 filio-

459 2278 531 2322 rum
545 2277 674 2322 suorum
685 2251 826 2332 ultimae,
843 2253 980 2350 qloriom
997 2279 1092 2350 quom
1108 2255 1175 2323 suis
1190 2253 1273 2350 fide-

461 2383 540 2452 libus
553 2381 717 2479 pollicetur
729 2383 822 2454 Deus.

410 2601 416 2611 ยน
461 2597 572 2668 Merito
598 2610 629 2668 te
654 2611 771 2669 tantum
797 2623 833 2668 ac
859 2597 953 2669 talem
974 2611 1144 2670 veneretur
1170 2599 1272 2670 omnis

412 2730 546 2802 mundus
561 2731 682 2801 Domini
701 2730 908 2817 sacerdotem,
928 2733 1017 2829 cujus
1036 2731 1213 2804 lortitudine
1238 2745 1273 2802 et

413 2861 575 2958 prudentia
593 2859 631 2932 ad
649 2861 780 2931 lormam
796 2860 881 2958 pacis
898 2861 986 2956 regni
1003 2861 1151 2932 desolatio
1168 2861 1269 2945 rediit,

413 2994 561 3090 cujusque
586 2991 789 3090 temperantia
815 2991 952 3088 copulata
971 2991 1098 3088 justitiae
1122 3005 1272 3090 tyrannos

414 3124 528 3222 rapinis
541 3148 711 3222 pauperum
721 3122 803 3195 haud
816 3123 963 3220 inglorios
980 3124 1098 3220 absque
1115 3124 1274 3220 sanguinis

415 3256 566 3326 ellusione
581 3255 738 3354 dispersit.
791 3258 839 3327 De
857 3255 950 3328 radiis
966 3281 1099 3352 namque
1115 3269 1177 3327 tuae
1188 3256 1272 3349 vide-

415 3400 465 3458 tur
480 3386 553 3458 oriri
570 3386 727 3470 claritatis,
743 3386 826 3484 quod
840 3387 904 3458 suis
920 3389 1039 3458 Seneca
1062 3386 1134 3462 dicit
1149 3388 1180 3458 in
1196 3415 1274 3486 pro-

414 3519 530 3591 verbiis
546 3548 552 3588 :
568 3521 655 3590 Bona
673 3518 752 3591 lama
769 3519 800 3590 in
823 3519 962 3590 tenebris
984 3519 1142 3617 proprium
1165 3520 1274 3618 splen-

415 3651 524 3722 dorem
536 3651 641 3724 habet.
682 3653 717 3722 In
729 3651 858 3748 ealigine
871 3677 948 3723 vero
961 3651 1170 3748 naufragantis
1182 3651 1274 3748 hujus

415 3785 488 3856 vitae
502 3785 546 3856 sic
561 3785 635 3857 inte
649 3786 775 3884 superni
789 3787 910 3858 luminis
927 3785 1028 3881 fulgor
1045 3786 1269 3882 supereminet,

415 3931 448 3989 ut
465 3919 626 3989 universas
639 3933 744 4015 partes
762 3919 865 3990 mundi
882 3920 972 4015 jubar
985 3919 1185 3990 sanctissimae
1198 3921 1273 4017 opi-
