<?xml version="1.0" encoding="UTF-8"?>
<!DOCTYPE html PUBLIC "-//W3C//DTD XHTML 1.0 Transitional//EN"
    "http://www.w3.org/TR/xhtml1/DTD/xhtml1-transitional.dtd">
<html xmlns="http://www.w3.org/1999/xhtml" xml:lang="en" lang="en">
 <head>
  <title>
</title>
<meta http-equiv="Content-Type" content="text/html;charset=utf-8" />
  <meta name='ocr-system' content='tesseract 3.04.00' />
  <meta name='ocr-capabilities' content='ocr_page ocr_carea ocr_par ocr_line ocrx_word'/>
</head>
<body>
  <div class='ocr_page' id='page_1' title='image "./epistolaeherber00ethegoog_0139.png"; bbox 0 0 3012 5040; ppageno 0'>
   <div class='ocr_carea' id='block_1_1' title="bbox 393 719 1032 786">
    <p class='ocr_par' dir='ltr' id='par_1_1' title="bbox 393 719 1032 786">
     <span class='ocr_line' id='line_1_1' title="bbox 393 719 1032 786; baseline 0 -2"><span class='ocrx_word' id='word_1_1' title='bbox 393 719 460 785; x_wconf 83' lang='lat' dir='ltr'>tte</span> <span class='ocrx_word' id='word_1_2' title='bbox 597 740 707 786; x_wconf 82' lang='lat' dir='ltr'>osarnn</span> <span class='ocrx_word' id='word_1_3' title='bbox 725 741 759 786; x_wconf 84' lang='lat' dir='ltr'>uu</span> <span class='ocrx_word' id='word_1_4' title='bbox 777 739 868 785; x_wconf 74' lang='lat' dir='ltr'>crant</span> <span class='ocrx_word' id='word_1_5' title='bbox 886 739 1032 785; x_wconf 80' lang='lat' dir='ltr'>nnsronn.</span> 
     </span>
    </p>
   </div>
   <div class='ocr_carea' id='block_1_2' title="bbox 388 895 1251 3240">
    <p class='ocr_par' dir='ltr' id='par_1_2' title="bbox 388 895 1251 3240">
     <span class='ocr_line' id='line_1_2' title="bbox 390 895 1247 994; baseline -0.001 -25"><span class='ocrx_word' id='word_1_6' title='bbox 390 899 462 969; x_wconf 91' lang='lat' dir='ltr'>mini</span> <span class='ocrx_word' id='word_1_7' title='bbox 489 898 627 980; x_wconf 84' lang='lat' dir='ltr'>ulterius,</span> <span class='ocrx_word' id='word_1_8' title='bbox 655 910 688 968; x_wconf 93' lang='lat' dir='ltr'>ut</span> <span class='ocrx_word' id='word_1_9' title='bbox 711 897 859 993; x_wconf 80' lang='lat' dir='ltr'>inglorius</span> <span class='ocrx_word' id='word_1_10' title='bbox 885 895 1061 971; x_wconf 83' lang='lat' dir='ltr'>delitescat:</span> <span class='ocrx_word' id='word_1_11' title='bbox 1088 899 1174 994; x_wconf 88' lang='lat' dir='ltr'>cujus</span> <span class='ocrx_word' id='word_1_12' title='bbox 1200 911 1247 968; x_wconf 90' lang='lat' dir='ltr'>tot</span> 
     </span>
     <span class='ocr_line' id='line_1_3' title="bbox 390 1028 1247 1126; baseline -0.006 -23"><span class='ocrx_word' id='word_1_13' title='bbox 390 1045 421 1103; x_wconf 90' lang='lat' dir='ltr'>et</span> <span class='ocrx_word' id='word_1_14' title='bbox 438 1044 521 1118; x_wconf 86' lang='lat' dir='ltr'>tanta</span> <span class='ocrx_word' id='word_1_15' title='bbox 545 1029 574 1098; x_wconf 92' lang='lat' dir='ltr'>in</span> <span class='ocrx_word' id='word_1_16' title='bbox 597 1028 757 1125; x_wconf 88' lang='lat' dir='ltr'>temporali</span> <span class='ocrx_word' id='word_1_17' title='bbox 774 1028 835 1098; x_wconf 91' lang='lat' dir='ltr'>vita</span> <span class='ocrx_word' id='word_1_18' title='bbox 854 1040 886 1098; x_wconf 88' lang='lat' dir='ltr'>et</span> <span class='ocrx_word' id='word_1_19' title='bbox 906 1043 978 1126; x_wconf 90' lang='lat' dir='ltr'>post</span> <span class='ocrx_word' id='word_1_20' title='bbox 996 1029 1156 1099; x_wconf 81' lang='lat' dir='ltr'>transitum</span> <span class='ocrx_word' id='word_1_21' title='bbox 1177 1031 1247 1124; x_wconf 87' lang='lat' dir='ltr'>ejus</span> 
     </span>
     <span class='ocr_line' id='line_1_4' title="bbox 389 1160 1244 1262; baseline -0.001 -27"><span class='ocrx_word' id='word_1_22' title='bbox 389 1165 428 1236; x_wconf 93' lang='lat' dir='ltr'>ad</span> <span class='ocrx_word' id='word_1_23' title='bbox 448 1187 578 1262; x_wconf 90' lang='lat' dir='ltr'>superos</span> <span class='ocrx_word' id='word_1_24' title='bbox 591 1161 656 1231; x_wconf 92' lang='lat' dir='ltr'>visa</span> <span class='ocrx_word' id='word_1_25' title='bbox 674 1173 745 1230; x_wconf 92' lang='lat' dir='ltr'>sunt</span> <span class='ocrx_word' id='word_1_26' title='bbox 762 1160 922 1232; x_wconf 91' lang='lat' dir='ltr'>inmundo</span> <span class='ocrx_word' id='word_1_27' title='bbox 938 1161 1074 1232; x_wconf 80' lang='lat' dir='ltr'>radiasse</span> <span class='ocrx_word' id='word_1_28' title='bbox 1088 1162 1244 1237; x_wconf 81' lang='lat' dir='ltr'>miracuta,</span> 
     </span>
     <span class='ocr_line' id='line_1_5' title="bbox 390 1292 1246 1396; baseline -0.004 -29"><span class='ocrx_word' id='word_1_29' title='bbox 390 1321 460 1396; x_wconf 63' lang='lat' dir='ltr'>quae</span> <span class='ocrx_word' id='word_1_30' title='bbox 483 1296 508 1365; x_wconf 94' lang='lat' dir='ltr'>si</span> <span class='ocrx_word' id='word_1_31' title='bbox 532 1319 589 1393; x_wconf 95' lang='lat' dir='ltr'>per</span> <span class='ocrx_word' id='word_1_32' title='bbox 613 1293 731 1389; x_wconf 80' lang='lat' dir='ltr'>singula</span> <span class='ocrx_word' id='word_1_33' title='bbox 752 1292 973 1377; x_wconf 62' lang='lat' dir='ltr'>scriberentur,</span> <span class='ocrx_word' id='word_1_34' title='bbox 997 1294 1150 1364; x_wconf 88' lang='lat' dir='ltr'>volumina</span> <span class='ocrx_word' id='word_1_35' title='bbox 1173 1293 1246 1364; x_wconf 93' lang='lat' dir='ltr'>inde</span> 
     </span>
     <span class='ocr_line' id='line_1_6' title="bbox 388 1424 1244 1523; baseline -0.005 -23"><span class='ocrx_word' id='word_1_36' title='bbox 388 1427 577 1500; x_wconf 82' lang='lat' dir='ltr'>cuderentur</span> <span class='ocrx_word' id='word_1_37' title='bbox 597 1424 722 1496; x_wconf 86' lang='lat' dir='ltr'>infinita.</span> <span class='ocrx_word' id='word_1_38' title='bbox 775 1427 822 1495; x_wconf 90' lang='lat' dir='ltr'>De</span> <span class='ocrx_word' id='word_1_39' title='bbox 846 1425 957 1522; x_wconf 89' lang='lat' dir='ltr'>quibus</span> <span class='ocrx_word' id='word_1_40' title='bbox 976 1451 1070 1523; x_wconf 89' lang='lat' dir='ltr'>pauca</span> <span class='ocrx_word' id='word_1_41' title='bbox 1089 1425 1244 1523; x_wconf 86' lang='lat' dir='ltr'>quaedam,</span> 
     </span>
     <span class='ocr_line' id='line_1_7' title="bbox 390 1553 1248 1654; baseline -0.001 -26"><span class='ocrx_word' id='word_1_42' title='bbox 390 1558 446 1629; x_wconf 88' lang='lat' dir='ltr'>sod</span> <span class='ocrx_word' id='word_1_43' title='bbox 469 1557 565 1627; x_wconf 89' lang='lat' dir='ltr'>relatu</span> <span class='ocrx_word' id='word_1_44' title='bbox 584 1555 676 1650; x_wconf 83' lang='lat' dir='ltr'>digna</span> <span class='ocrx_word' id='word_1_45' title='bbox 696 1553 734 1624; x_wconf 93' lang='lat' dir='ltr'>ad</span> <span class='ocrx_word' id='word_1_46' title='bbox 757 1554 814 1624; x_wconf 92' lang='lat' dir='ltr'>Dei</span> <span class='ocrx_word' id='word_1_47' title='bbox 836 1553 957 1626; x_wconf 89' lang='lat' dir='ltr'>laudem</span> <span class='ocrx_word' id='word_1_48' title='bbox 975 1569 1007 1626; x_wconf 88' lang='lat' dir='ltr'>et</span> <span class='ocrx_word' id='word_1_49' title='bbox 1029 1555 1156 1652; x_wconf 84' lang='lat' dir='ltr'>gloriam</span> <span class='ocrx_word' id='word_1_50' title='bbox 1173 1582 1248 1654; x_wconf 90' lang='lat' dir='ltr'>per-</span> 
     </span>
     <span class='ocr_line' id='line_1_8' title="bbox 389 1686 1243 1785; baseline -0.005 -24"><span class='ocrx_word' id='word_1_51' title='bbox 389 1690 578 1771; x_wconf 72' lang='lat' dir='ltr'>strinximus,</span> <span class='ocrx_word' id='word_1_52' title='bbox 595 1687 672 1757; x_wconf 91' lang='lat' dir='ltr'>sicut</span> <span class='ocrx_word' id='word_1_53' title='bbox 689 1686 734 1756; x_wconf 87' lang='lat' dir='ltr'>rei</span> <span class='ocrx_word' id='word_1_54' title='bbox 750 1699 849 1781; x_wconf 80' lang='lat' dir='ltr'>gestae</span> <span class='ocrx_word' id='word_1_55' title='bbox 867 1712 963 1784; x_wconf 90' lang='lat' dir='ltr'>opere</span> <span class='ocrx_word' id='word_1_56' title='bbox 977 1688 1088 1785; x_wconf 89' lang='lat' dir='ltr'>probat</span> <span class='ocrx_word' id='word_1_57' title='bbox 1100 1687 1243 1759; x_wconf 82' lang='lat' dir='ltr'>effectus.</span> 
     </span>
     <span class='ocr_line' id='line_1_9' title="bbox 388 1819 1247 1916; baseline -0.003 -23"><span class='ocrx_word' id='word_1_58' title='bbox 388 1822 521 1894; x_wconf 83' lang='lat' dir='ltr'>Plurima</span> <span class='ocrx_word' id='word_1_59' title='bbox 545 1844 677 1916; x_wconf 91' lang='lat' dir='ltr'>namque</span> <span class='ocrx_word' id='word_1_60' title='bbox 696 1819 734 1890; x_wconf 90' lang='lat' dir='ltr'>ad</span> <span class='ocrx_word' id='word_1_61' title='bbox 756 1833 989 1891; x_wconf 90' lang='lat' dir='ltr'>monumentum</span> <span class='ocrx_word' id='word_1_62' title='bbox 1011 1820 1067 1892; x_wconf 92' lang='lat' dir='ltr'>viri</span> <span class='ocrx_word' id='word_1_63' title='bbox 1089 1821 1144 1890; x_wconf 88' lang='lat' dir='ltr'>Dei</span> <span class='ocrx_word' id='word_1_64' title='bbox 1166 1822 1247 1891; x_wconf 90' lang='lat' dir='ltr'>reli—</span> 
     </span>
     <span class='ocr_line' id='line_1_10' title="bbox 389 1950 1247 2052; baseline 0 -28"><span class='ocrx_word' id='word_1_65' title='bbox 389 1966 522 2052; x_wconf 87' lang='lat' dir='ltr'>querunt</span> <span class='ocrx_word' id='word_1_66' title='bbox 541 1965 611 2049; x_wconf 90' lang='lat' dir='ltr'>post</span> <span class='ocrx_word' id='word_1_67' title='bbox 635 1975 668 2020; x_wconf 91' lang='lat' dir='ltr'>se</span> <span class='ocrx_word' id='word_1_68' title='bbox 694 1950 807 2047; x_wconf 90' lang='lat' dir='ltr'>scripta</span> <span class='ocrx_word' id='word_1_69' title='bbox 826 1951 922 2022; x_wconf 91' lang='lat' dir='ltr'>nostri</span> <span class='ocrx_word' id='word_1_70' title='bbox 940 1951 1192 2049; x_wconf 69' lang='lat' dir='ltr'>praedecessores</span> <span class='ocrx_word' id='word_1_71' title='bbox 1212 1953 1247 2024; x_wconf 93' lang='lat' dir='ltr'>in</span> 
     </span>
     <span class='ocr_line' id='line_1_11' title="bbox 389 2081 1249 2181; baseline -0.002 -25"><span class='ocrx_word' id='word_1_72' title='bbox 389 2083 529 2166; x_wconf 84' lang='lat' dir='ltr'>ecclesia,</span> <span class='ocrx_word' id='word_1_73' title='bbox 545 2082 595 2179; x_wconf 91' lang='lat' dir='ltr'>qui</span> <span class='ocrx_word' id='word_1_74' title='bbox 616 2081 643 2151; x_wconf 91' lang='lat' dir='ltr'>ei</span> <span class='ocrx_word' id='word_1_75' title='bbox 662 2082 691 2151; x_wconf 94' lang='lat' dir='ltr'>in</span> <span class='ocrx_word' id='word_1_76' title='bbox 708 2107 806 2176; x_wconf 79' lang='lat' dir='ltr'>regno</span> <span class='ocrx_word' id='word_1_77' title='bbox 823 2083 983 2181; x_wconf 86' lang='lat' dir='ltr'>temporali</span> <span class='ocrx_word' id='word_1_78' title='bbox 1000 2083 1135 2156; x_wconf 86' lang='lat' dir='ltr'>officiosa</span> <span class='ocrx_word' id='word_1_79' title='bbox 1153 2084 1249 2156; x_wconf 85' lang='lat' dir='ltr'>sedu-</span> 
     </span>
     <span class='ocr_line' id='line_1_12' title="bbox 389 2214 1249 2312; baseline 0 -24"><span class='ocrx_word' id='word_1_80' title='bbox 389 2219 472 2290; x_wconf 89' lang='lat' dir='ltr'>litate</span> <span class='ocrx_word' id='word_1_81' title='bbox 491 2216 664 2288; x_wconf 86' lang='lat' dir='ltr'>ministrare</span> <span class='ocrx_word' id='word_1_82' title='bbox 683 2215 772 2297; x_wconf 89' lang='lat' dir='ltr'>soliti,</span> <span class='ocrx_word' id='word_1_83' title='bbox 794 2214 941 2286; x_wconf 84' lang='lat' dir='ltr'>studuere</span> <span class='ocrx_word' id='word_1_84' title='bbox 960 2216 1134 2312; x_wconf 81' lang='lat' dir='ltr'>diligentius</span> <span class='ocrx_word' id='word_1_85' title='bbox 1152 2243 1249 2288; x_wconf 88' lang='lat' dir='ltr'>sanc-</span> 
     </span>
     <span class='ocr_line' id='line_1_13' title="bbox 390 2347 1250 2447; baseline -0.002 -25"><span class='ocrx_word' id='word_1_86' title='bbox 390 2352 508 2422; x_wconf 84' lang='lat' dir='ltr'>titatem</span> <span class='ocrx_word' id='word_1_87' title='bbox 523 2349 597 2420; x_wconf 86' lang='lat' dir='ltr'>vitae</span> <span class='ocrx_word' id='word_1_88' title='bbox 614 2349 680 2444; x_wconf 88' lang='lat' dir='ltr'>ejus</span> <span class='ocrx_word' id='word_1_89' title='bbox 698 2347 823 2418; x_wconf 87' lang='lat' dir='ltr'>sollicita</span> <span class='ocrx_word' id='word_1_90' title='bbox 838 2348 1074 2444; x_wconf 75' lang='lat' dir='ltr'>investigatione</span> <span class='ocrx_word' id='word_1_91' title='bbox 1096 2375 1250 2447; x_wconf 90' lang='lat' dir='ltr'>perscru-</span> 
     </span>
     <span class='ocr_line' id='line_1_14' title="bbox 390 2481 1249 2580; baseline 0 -26"><span class='ocrx_word' id='word_1_92' title='bbox 390 2483 457 2554; x_wconf 91' lang='lat' dir='ltr'>tari.</span> <span class='ocrx_word' id='word_1_93' title='bbox 510 2481 663 2552; x_wconf 86' lang='lat' dir='ltr'>Nonnulla</span> <span class='ocrx_word' id='word_1_94' title='bbox 692 2505 767 2552; x_wconf 91' lang='lat' dir='ltr'>vero</span> <span class='ocrx_word' id='word_1_95' title='bbox 795 2481 954 2552; x_wconf 88' lang='lat' dir='ltr'>didicimus</span> <span class='ocrx_word' id='word_1_96' title='bbox 979 2483 1018 2553; x_wconf 89' lang='lat' dir='ltr'>ab</span> <span class='ocrx_word' id='word_1_97' title='bbox 1045 2482 1104 2566; x_wconf 89' lang='lat' dir='ltr'>his,</span> <span class='ocrx_word' id='word_1_98' title='bbox 1132 2483 1249 2580; x_wconf 88' lang='lat' dir='ltr'>quiea</span> 
     </span>
     <span class='ocr_line' id='line_1_15' title="bbox 390 2612 1249 2712; baseline 0.001 -28"><span class='ocrx_word' id='word_1_99' title='bbox 390 2614 522 2712; x_wconf 91' lang='lat' dir='ltr'>propriis</span> <span class='ocrx_word' id='word_1_100' title='bbox 544 2625 725 2684; x_wconf 89' lang='lat' dir='ltr'>meruerunt</span> <span class='ocrx_word' id='word_1_101' title='bbox 743 2612 838 2683; x_wconf 89' lang='lat' dir='ltr'>oculis</span> <span class='ocrx_word' id='word_1_102' title='bbox 860 2637 1002 2696; x_wconf 89' lang='lat' dir='ltr'>cornere,</span> <span class='ocrx_word' id='word_1_103' title='bbox 1023 2614 1073 2710; x_wconf 91' lang='lat' dir='ltr'>qui</span> <span class='ocrx_word' id='word_1_104' title='bbox 1091 2639 1188 2711; x_wconf 87' lang='lat' dir='ltr'>usque</span> <span class='ocrx_word' id='word_1_105' title='bbox 1207 2615 1249 2685; x_wconf 92' lang='lat' dir='ltr'>ad</span> 
     </span>
     <span class='ocr_line' id='line_1_16' title="bbox 391 2741 1250 2840; baseline 0.001 -26"><span class='ocrx_word' id='word_1_106' title='bbox 391 2769 504 2814; x_wconf 92' lang='lat' dir='ltr'>annum</span> <span class='ocrx_word' id='word_1_107' title='bbox 519 2754 673 2839; x_wconf 89' lang='lat' dir='ltr'>quartum,</span> <span class='ocrx_word' id='word_1_108' title='bbox 690 2767 751 2840; x_wconf 90' lang='lat' dir='ltr'>quo</span> <span class='ocrx_word' id='word_1_109' title='bbox 764 2741 941 2839; x_wconf 84' lang='lat' dir='ltr'>Stephanus</span> <span class='ocrx_word' id='word_1_110' title='bbox 956 2743 1051 2814; x_wconf 80' lang='lat' dir='ltr'>frater</span> <span class='ocrx_word' id='word_1_111' title='bbox 1068 2757 1174 2814; x_wconf 91' lang='lat' dir='ltr'>vester</span> <span class='ocrx_word' id='word_1_112' title='bbox 1191 2771 1250 2816; x_wconf 88' lang='lat' dir='ltr'>re-</span> 
     </span>
     <span class='ocr_line' id='line_1_17' title="bbox 391 2874 1250 2974; baseline 0.002 -28"><span class='ocrx_word' id='word_1_113' title='bbox 391 2877 506 2972; x_wconf 79' lang='lat' dir='ltr'>gnavit,</span> <span class='ocrx_word' id='word_1_114' title='bbox 532 2874 716 2974; x_wconf 89' lang='lat' dir='ltr'>superstites</span> <span class='ocrx_word' id='word_1_115' title='bbox 737 2874 915 2946; x_wconf 87' lang='lat' dir='ltr'>extiterunt.</span> <span class='ocrx_word' id='word_1_116' title='bbox 968 2875 1118 2960; x_wconf 79' lang='lat' dir='ltr'>Quaedam</span> <span class='ocrx_word' id='word_1_117' title='bbox 1144 2891 1250 2949; x_wconf 89' lang='lat' dir='ltr'>autem</span> 
     </span>
     <span class='ocr_line' id='line_1_18' title="bbox 391 3007 1251 3108; baseline 0.001 -28"><span class='ocrx_word' id='word_1_118' title='bbox 391 3011 430 3081; x_wconf 91' lang='lat' dir='ltr'>ab</span> <span class='ocrx_word' id='word_1_119' title='bbox 448 3009 494 3095; x_wconf 91' lang='lat' dir='ltr'>iis,</span> <span class='ocrx_word' id='word_1_120' title='bbox 519 3009 570 3108; x_wconf 92' lang='lat' dir='ltr'>qui</span> <span class='ocrx_word' id='word_1_121' title='bbox 593 3009 662 3079; x_wconf 82' lang='lat' dir='ltr'>haec</span> <span class='ocrx_word' id='word_1_122' title='bbox 686 3008 716 3078; x_wconf 92' lang='lat' dir='ltr'>in</span> <span class='ocrx_word' id='word_1_123' title='bbox 739 3007 915 3105; x_wconf 90' lang='lat' dir='ltr'>semetipsis</span> <span class='ocrx_word' id='word_1_124' title='bbox 939 3025 1106 3080; x_wconf 89' lang='lat' dir='ltr'>senserunt</span> <span class='ocrx_word' id='word_1_125' title='bbox 1128 3010 1251 3082; x_wconf 89' lang='lat' dir='ltr'>audivi-</span> 
     </span>
     <span class='ocr_line' id='line_1_19' title="bbox 392 3140 1251 3240; baseline -0.001 -26"><span class='ocrx_word' id='word_1_126' title='bbox 392 3169 472 3227; x_wconf 85' lang='lat' dir='ltr'>mus,</span> <span class='ocrx_word' id='word_1_127' title='bbox 489 3141 630 3240; x_wconf 83' lang='lat' dir='ltr'>quaedam</span> <span class='ocrx_word' id='word_1_128' title='bbox 650 3141 679 3210; x_wconf 94' lang='lat' dir='ltr'>in</span> <span class='ocrx_word' id='word_1_129' title='bbox 697 3140 938 3239; x_wconf 87' lang='lat' dir='ltr'>nobismetipsis,</span> <span class='ocrx_word' id='word_1_130' title='bbox 958 3154 1037 3212; x_wconf 90' lang='lat' dir='ltr'>teste</span> <span class='ocrx_word' id='word_1_131' title='bbox 1054 3144 1121 3212; x_wconf 90' lang='lat' dir='ltr'>Deo</span> <span class='ocrx_word' id='word_1_132' title='bbox 1140 3156 1172 3213; x_wconf 91' lang='lat' dir='ltr'>et</span> <span class='ocrx_word' id='word_1_133' title='bbox 1189 3169 1251 3213; x_wconf 91' lang='lat' dir='ltr'>an-</span> 
     </span>
    </p>
   </div>
   <div class='ocr_carea' id='block_1_3' title="bbox 393 3259 1251 3373">
    <p class='ocr_par' dir='ltr' id='par_1_3' title="bbox 393 3259 1251 3373">
     <span class='ocr_line' id='line_1_20' title="bbox 393 3259 1251 3373; baseline 0 -26"><span class='ocrx_word' id='word_1_134' title='bbox 393 3276 470 3373; x_wconf 79' lang='lat' dir='ltr'>gelis</span> <span class='ocrx_word' id='word_1_135' title='bbox 496 3277 574 3372; x_wconf 84' lang='lat' dir='ltr'>ejus,</span> <span class='ocrx_word' id='word_1_136' title='bbox 606 3274 724 3372; x_wconf 90' lang='lat' dir='ltr'>experti</span> <span class='ocrx_word' id='word_1_137' title='bbox 749 3300 864 3344; x_wconf 92' lang='lat' dir='ltr'>sumus.</span> <span class='ocrx_word' id='word_1_138' title='bbox 924 3259 1080 3346; x_wconf 74' lang='lat' dir='ltr'>Praeterea</span> <span class='ocrx_word' id='word_1_139' title='bbox 1103 3301 1194 3346; x_wconf 87' lang='lat' dir='ltr'>causa</span> <span class='ocrx_word' id='word_1_140' title='bbox 1218 3277 1251 3347; x_wconf 90' lang='lat' dir='ltr'>in</span> 
     </span>
    </p>
   </div>
   <div class='ocr_carea' id='block_1_4' title="bbox 391 3407 1253 4038">
    <p class='ocr_par' dir='ltr' id='par_1_4' title="bbox 391 3407 1253 4038">
     <span class='ocr_line' id='line_1_21' title="bbox 391 3407 1252 3509; baseline 0 -29"><span class='ocrx_word' id='word_1_141' title='bbox 391 3409 552 3509; x_wconf 90' lang='lat' dir='ltr'>propatulo</span> <span class='ocrx_word' id='word_1_142' title='bbox 572 3407 733 3479; x_wconf 82' lang='lat' dir='ltr'>manifesta</span> <span class='ocrx_word' id='word_1_143' title='bbox 751 3407 953 3492; x_wconf 89' lang='lat' dir='ltr'>subnectitur,</span> <span class='ocrx_word' id='word_1_144' title='bbox 976 3434 1030 3478; x_wconf 88' lang='lat' dir='ltr'>our</span> <span class='ocrx_word' id='word_1_145' title='bbox 1050 3409 1077 3478; x_wconf 87' lang='lat' dir='ltr'>ei</span> <span class='ocrx_word' id='word_1_146' title='bbox 1095 3423 1201 3479; x_wconf 89' lang='lat' dir='ltr'>vestro</span> <span class='ocrx_word' id='word_1_147' title='bbox 1220 3410 1252 3480; x_wconf 87' lang='lat' dir='ltr'>in</span> 
     </span>
     <span class='ocr_line' id='line_1_22' title="bbox 392 3539 1252 3639; baseline -0.001 -27"><span class='ocrx_word' id='word_1_148' title='bbox 392 3555 546 3639; x_wconf 87' lang='lat' dir='ltr'>tempore,</span> <span class='ocrx_word' id='word_1_149' title='bbox 562 3541 645 3636; x_wconf 85' lang='lat' dir='ltr'>justa</span> <span class='ocrx_word' id='word_1_150' title='bbox 659 3539 833 3610; x_wconf 87' lang='lat' dir='ltr'>reverentia</span> <span class='ocrx_word' id='word_1_151' title='bbox 848 3539 1008 3610; x_wconf 86' lang='lat' dir='ltr'>debeatur.</span> <span class='ocrx_word' id='word_1_152' title='bbox 1062 3541 1151 3610; x_wconf 86' lang='lat' dir='ltr'>Avus</span> <span class='ocrx_word' id='word_1_153' title='bbox 1167 3541 1252 3611; x_wconf 90' lang='lat' dir='ltr'>enim</span> 
     </span>
     <span class='ocr_line' id='line_1_23' title="bbox 393 3673 1253 3772; baseline -0.001 -27"><span class='ocrx_word' id='word_1_154' title='bbox 393 3701 448 3745; x_wconf 81' lang='lat' dir='ltr'>ror</span> <span class='ocrx_word' id='word_1_155' title='bbox 466 3687 572 3745; x_wconf 88' lang='lat' dir='ltr'>vester</span> <span class='ocrx_word' id='word_1_156' title='bbox 589 3674 773 3758; x_wconf 84' lang='lat' dir='ltr'>Willelmus,</span> <span class='ocrx_word' id='word_1_157' title='bbox 793 3673 915 3769; x_wconf 75' lang='lat' dir='ltr'>Angliao</span> <span class='ocrx_word' id='word_1_158' title='bbox 932 3673 1134 3772; x_wconf 92' lang='lat' dir='ltr'>triumphator</span> <span class='ocrx_word' id='word_1_159' title='bbox 1150 3699 1253 3770; x_wconf 82' lang='lat' dir='ltr'>egre—</span> 
     </span>
     <span class='ocr_line' id='line_1_24' title="bbox 394 3805 1252 3904; baseline 0.001 -28"><span class='ocrx_word' id='word_1_160' title='bbox 394 3807 473 3902; x_wconf 82' lang='lat' dir='ltr'>gius,</span> <span class='ocrx_word' id='word_1_161' title='bbox 494 3806 620 3877; x_wconf 90' lang='lat' dir='ltr'>Roberti</span> <span class='ocrx_word' id='word_1_162' title='bbox 638 3809 888 3877; x_wconf 90' lang='lat' dir='ltr'>Normannorum</span> <span class='ocrx_word' id='word_1_163' title='bbox 905 3806 1010 3890; x_wconf 88' lang='lat' dir='ltr'>Ducis,</span> <span class='ocrx_word' id='word_1_164' title='bbox 1029 3806 1079 3904; x_wconf 95' lang='lat' dir='ltr'>qui</span> <span class='ocrx_word' id='word_1_165' title='bbox 1098 3806 1128 3876; x_wconf 90' lang='lat' dir='ltr'>in</span> <span class='ocrx_word' id='word_1_166' title='bbox 1144 3805 1252 3877; x_wconf 82' lang='lat' dir='ltr'>Nieaea</span> 
     </span>
     <span class='ocr_line' id='line_1_25' title="bbox 394 3939 1250 4038; baseline -0.002 -28"><span class='ocrx_word' id='word_1_167' title='bbox 394 3941 471 4011; x_wconf 88' lang='lat' dir='ltr'>urbe</span> <span class='ocrx_word' id='word_1_168' title='bbox 492 3967 548 4038; x_wconf 93' lang='lat' dir='ltr'>pro</span> <span class='ocrx_word' id='word_1_169' title='bbox 570 3939 693 4011; x_wconf 88' lang='lat' dir='ltr'>Christo</span> <span class='ocrx_word' id='word_1_170' title='bbox 714 3941 898 4038; x_wconf 80' lang='lat' dir='ltr'>peregrinus</span> <span class='ocrx_word' id='word_1_171' title='bbox 923 3941 1007 4024; x_wconf 91' lang='lat' dir='ltr'>obiit,</span> <span class='ocrx_word' id='word_1_172' title='bbox 1034 3939 1114 4010; x_wconf 84' lang='lat' dir='ltr'>tilius</span> <span class='ocrx_word' id='word_1_173' title='bbox 1137 3939 1250 4022; x_wconf 89' lang='lat' dir='ltr'>extitit,</span> 
     </span>
    </p>
   </div>
   <div class='ocr_carea' id='block_1_5' title="bbox 0 0 1517 5040">
    <p class='ocr_par' dir='ltr' id='par_1_5' title="bbox 0 0 1517 5040">
     <span class='ocr_line' id='line_1_26' title="bbox 0 0 1517 5040; baseline 0 0"><span class='ocrx_word' id='word_1_174' title='bbox 0 0 1517 5040; x_wconf 95' lang='lat' dir='ltr'> </span> 
     </span>
    </p>
   </div>
  </div>
 </body>
</html>
