3012 5040
400 686 413 750 ll
423 683 468 752 (ll
608 708 743 753 lll'lSTOLAE
756 707 889 752 llllllBEllTl
904 707 1037 754 LOSlNGAE.

399 880 548 962 spernunt
561 881 592 935 ct
606 866 734 936 irrident
745 890 906 962 eamquam
919 866 1174 960 investigandam,
1195 894 1255 938 se—

397 996 551 1094 quendam
565 1011 597 1067 et
609 997 765 1068 charitatis
782 997 881 1068 studio
897 998 1049 1068 subtiliter
1063 998 1252 1079 intuendam,

399 1143 547 1200 sacratam
571 1130 717 1200 misteriis
737 1130 875 1228 patribus
895 1129 1083 1201 admirandae
1107 1132 1256 1202 sanctita-

398 1262 447 1346 tis,
476 1263 642 1334 inmundo
667 1263 859 1362 Redemptor
886 1278 993 1336 noster
1014 1264 1255 1335 misericorditer

397 1394 556 1478 intimavit,
584 1407 617 1466 ut
640 1408 672 1464 et
692 1395 777 1492 prius
802 1395 949 1490 magister
971 1394 1050 1466 hanc
1069 1395 1253 1466 innocentiae

396 1526 476 1596 viam
490 1553 543 1596 sua
556 1525 791 1597 conversatione
806 1552 879 1596 suos
892 1525 1001 1598 fideles
1015 1525 1145 1598 edocuit.
1180 1527 1253 1597 llla-

397 1672 444 1728 tas
461 1684 555 1756 porro
573 1683 795 1756 perversorum
816 1682 926 1728 secura
945 1671 1049 1728 tamen
1068 1671 1250 1728 mansuetu—

397 1789 468 1860 dine
492 1790 694 1861 contumelias
711 1790 927 1872 toleravimus;
949 1791 1035 1886 juxta
1053 1789 1136 1887 quod
1153 1789 1252 1860 fidelis

399 1924 481 1992 Deus
501 1921 552 2017 qui
573 1947 633 1992 non
655 1921 787 2019 patietur
807 1947 865 1992 vos
886 1921 1029 2018 temptari
1051 1947 1142 2018 supra
1159 1947 1251 2018 quam

397 2055 537 2152 potestis
568 2054 624 2125 sed
650 2054 739 2126 saciet
762 2055 854 2126 etiam
882 2068 1066 2152 proventum
1091 2069 1124 2124 ut
1146 2067 1252 2150 posset

398 2188 561 2260 sustinere.
615 2187 679 2257 Sed
702 2188 771 2284 quia
794 2201 956 2285 patronum
981 2200 1120 2258 nostrum
1146 2187 1252 2257 amisi-

396 2347 466 2392 mus
490 2320 685 2402 Anselmum
711 2333 846 2390 tutorem
870 2333 902 2390 et
923 2318 1119 2390 defensorem
1145 2343 1252 2388 servo-

397 2480 476 2537 rum,
493 2478 587 2551 quem
602 2452 658 2523 etsi
673 2451 844 2523 delleamus
859 2451 920 2522 vita
934 2451 1093 2549 temporali
1115 2450 1251 2520 caruisse

397 2586 427 2654 in
441 2585 544 2668 terris
560 2583 600 2654 de
619 2609 657 2653 eo
672 2597 775 2653 tamen
790 2581 1030 2672 consolationem
1044 2581 1248 2679 percepimus

397 2743 491 2816 quem
514 2718 630 2788 exitum
651 2741 744 2787 carne
769 2716 883 2786 scimus
905 2715 1100 2813 spiritualiter
1122 2713 1251 2812 epulan-

397 2864 461 2921 tem
492 2849 523 2920 in
551 2849 647 2919 coelis
702 2847 809 2919 Solum
832 2847 889 2917 Dei
917 2846 1013 2942 gratia
1036 2845 1126 2916 vobis
1155 2859 1252 2914 restat

396 2982 525 3081 asylum.
574 2982 619 3051 Tu
629 2993 744 3064 tamen,
758 2979 874 3050 scilicet
883 2979 994 3076 ingens
1004 2990 1111 3048 contra
1125 2977 1252 3047 timores

397 3113 609 3198 invidentium,
636 3139 722 3184 arma
748 3127 855 3184 contra
883 3112 961 3183 ictus
986 3108 1247 3209 persequentium.

395 3248 541 3320 Assultus
564 3271 757 3344 nequaquam
780 3244 1026 3344 pertimescimus
1048 3242 1248 3324 exercituum,

396 3379 479 3465 illud,
505 3403 593 3475 ergo,
622 3376 704 3476 quod
729 3376 839 3448 dicitur
864 3374 1097 3448 considerantes
1125 3401 1131 3441 :
1159 3371 1251 3456 Quod

396 3538 529 3612 cumque
541 3511 692 3612 petieritis
705 3509 869 3582 innomine
882 3533 964 3592 meo,
977 3506 1030 3578 liet
1040 3505 1138 3577 vobis.
1166 3505 1253 3599 Ergo

395 3658 512 3717 vestrae
523 3669 695 3715 conservus
708 3656 739 3713 et
752 3641 943 3741 paternitatis
957 3639 1082 3722 amicus
1098 3650 1129 3708 et
1141 3660 1253 3706 omnes

396 3779 489 3849 totius
507 3776 629 3872 Angliae
647 3775 850 3846 condolentes
866 3797 999 3852 mecum,
1020 3768 1123 3840 habitu
1140 3792 1253 3838 mona-

393 3912 463 3985 chili
476 3909 556 4006 Regi
567 3911 699 4005 Regum,
715 3911 782 3978 lJeo
801 3907 976 3988 militantes
995 3915 1128 3974 vestram
1146 3899 1254 3996 depo-
