3012 5040
431 759 542 804 osnunu
561 760 595 805 nu
613 762 704 806 onaan
721 762 868 807 urrsrorn.
1010 740 1023 804 l
1034 733 1078 806 37

224 913 332 983 domos
354 927 589 1011 conquassatas,
618 916 769 986 scissuras
795 916 1000 1014 reparandas,
1028 942 1082 986 rer

225 1058 337 1116 traotas
363 1047 521 1118 seniorum
544 1049 651 1147 dapes
677 1049 842 1120 diminutas
868 1049 1083 1121 thesaurorum

226 1178 333 1275 dapes,
354 1206 462 1250 muros
485 1195 517 1252 et
540 1182 649 1253 maenia
670 1182 845 1253 oonlractos
867 1194 899 1252 et
921 1181 1032 1264 diruta,
1053 1195 1085 1251 et

227 1310 354 1382 fratrum
371 1313 547 1385 necessaria
567 1315 684 1411 absque
700 1313 886 1385 discretione
901 1339 958 1411 per
976 1339 1085 1384 manus

228 1441 341 1514 alienas
358 1445 425 1546 sine
443 1459 474 1514 te
490 1445 570 1515 male
587 1458 768 1542 consumpta
787 1459 890 1515 tacere
908 1471 970 1515 non
988 1445 1083 1541 potui,

228 1599 298 1671 quae
320 1576 421 1648 omnia
450 1590 502 1647 tuo
529 1576 659 1674 imperio
684 1575 908 1673 inquirentibus
932 1574 1083 1658 revelavi3

227 1709 314 1803 cujus
326 1709 371 1778 rei
386 1723 417 1778 te
434 1710 534 1806 ipsum
551 1709 625 1780 lauis
640 1709 772 1780 indicem
785 1709 993 1792 manifestum,
1012 1707 1086 1779 dum

229 1839 311 1937 quod
329 1865 389 1936 ego
407 1841 473 1912 solo
492 1866 638 1912 sermone
653 1827 831 1939 simpliciter
847 1841 948 1925 retuli,
964 1841 995 1910 in
1008 1865 1088 1938 ope-

229 1997 298 2042 rum
326 1971 448 2044 videtur
480 1973 674 2070 reparatione
702 1973 904 2068 singulorum.
967 1973 1089 2043 Gratias

228 2108 296 2176 Deo
310 2121 341 2176 et
354 2105 418 2189 tibi,
435 2106 499 2202 jam
516 2105 667 2203 reparasti
686 2118 717 2176 et
735 2105 834 2177 adhuc
855 2131 993 2204 reparas
1016 2129 1090 2174 res-

229 2251 332 2308 tauras
354 2252 385 2308 et
410 2239 540 2308 innovas
561 2252 688 2309 veteres
710 2252 742 2308 et
764 2263 862 2308 novas
883 2239 1035 2308 scissuras
1058 2251 1091 2306 et

229 2383 336 2466 portas
358 2395 533 2448 murorum,
556 2369 673 2440 utinam
696 2383 727 2438 et
750 2395 881 2440 morum.
936 2367 999 2438 Sed
1020 2368 1090 2464 quia

229 2500 355 2600 longum
370 2513 419 2571 est
430 2501 575 2571 universa
593 2513 749 2598 repetere,
768 2499 967 2602 conscientiae
978 2523 1091 2596 preoor

229 2647 291 2703 tuae
314 2658 424 2703 omnes
444 2633 575 2728 angulos
593 2631 759 2727 diligenter
780 2644 990 2728 perscrutare,
1014 2645 1046 2700 et
1065 2631 1091 2699 si

229 2767 311 2836 male
327 2767 448 2838 loeutus
465 2791 545 2849 sum,
562 2765 772 2836 testimonium
790 2763 919 2861 perhibe
934 2763 974 2833 de
991 2763 1089 2844 malo;

231 2897 258 2967 si
275 2909 378 2968 autem
396 2898 491 2981 bene,
513 2896 622 2966 desine
642 2896 840 2966 innocentem
860 2893 1011 2990 affligere,
1033 2893 1092 2964 do-

231 3030 346 3101 sistens
367 3030 530 3102 ecclesiam
551 3029 701 3099 membris
718 3028 775 3098 Dei
792 3026 924 3125 propriis
945 3025 1088 3124 spoliare.

230 3163 350 3232 Omnes
369 3162 519 3232 mortales
539 3187 645 3232 sumus
665 3173 697 3230 et
713 3159 823 3230 mortis
845 3159 966 3255 legibus
983 3159 1092 3254 subja-

230 3318 354 3378 cemus3
374 3293 531 3365 nescimus
555 3293 637 3364 diem
656 3319 757 3390 neque
776 3292 896 3374 horam,
923 3315 1020 3388 prope
1045 3305 1094 3360 est

232 3443 356 3526 ternpus
377 3445 410 3499 ut
427 3429 527 3500 ludex
545 3430 660 3503 veniat,
682 3444 714 3498 et
735 3427 899 3522 unicuique
922 3425 1093 3496 secundnm

232 3562 341 3632 merita
360 3588 414 3632 sua
431 3560 592 3658 rependat.
646 3560 709 3631 lllic
723 3559 873 3628 rationem
890 3557 1046 3627 rediturus
1059 3582 1094 3626 es

233 3717 291 3790 pro
309 3718 370 3776 me⁷
391 3706 422 3762 et
439 3692 521 3791 quod
541 3719 558 3762 a
576 3707 673 3787 grege
691 3715 753 3760 non
770 3688 923 3771 aberravi,
946 3687 1003 3758 sed
1020 3687 1094 3757 vio-

232 3827 335 3896 lenter
349 3827 441 3910 eessi‚
457 3825 659 3922 deputabitur
677 3822 802 3893 incuriae
820 3835 891 3891 tuae.
944 3823 1022 3890 Esto
1041 3821 1095 3914 igi-

234 3972 284 4028 tur
307 3983 426 4028 memor
448 3971 560 4054 quanta
587 3957 700 4054 pietate
728 3981 868 4026 summus
890 3967 995 4050 pastor
1012 3951 1095 4022 inlir-

919 4069 949 4116 ra
