3012 5040
408 711 454 778 86
618 731 1047 778 urrsrotuuouounrriosmcn.

408 887 529 986 quidam
552 913 659 960 eorum
680 901 950 958 murmuraverunt
972 903 1004 958 et
1025 915 1042 958 a
1064 890 1261 986 serpentibus
1387 906 1392 914 ’

406 1019 576 1118 perierunt.
629 1019 801 1118 Loquimini
829 1018 920 1114 igitur
947 1045 1034 1091 more
1059 1033 1092 1091 ct
1120 1047 1260 1092 consue-

406 1151 513 1226 tudine
532 1150 747 1246 religiosorum
766 1151 904 1222 viromm
921 1151 952 1222 iu
974 1153 1087 1223 vestris
1102 1156 1262 1225 concessis

339 1343 342 1348 .
407 1281 575 1366 auditoriis,
592 1282 659 1367 sed,
673 1295 706 1354 ut
719 1281 859 1380 praedixi,
875 1282 915 1354 de
925 1282 1087 1354 honestate
1102 1283 1185 1355 etde
1198 1285 1262 1354 uti-

406 1413 489 1484 litate
513 1427 628 1484 vestra.
685 1415 754 1509 Ego
778 1413 950 1484 certissime
976 1412 1048 1484 nihil
1073 1414 1153 1485 aliud
1176 1441 1262 1513 prae-

407 1545 486 1643 cepi.

507 1780 707 1852 EPISTOLA
724 1782 838 1850 XLIX.
853 1781 952 1852 —An
971 1783 1162 1854 Wrmmuurr.

659 1982 825 2051 Hunnnnrus
842 1983 1012 2052 Wrmnrno.

457 2203 490 2274 Si
508 2217 538 2274 te
555 2229 640 2274 amas
658 2216 689 2274 et
710 2202 750 2274 de
768 2229 839 2274 meo
856 2203 904 2274 vis
920 2194 1059 2275 exultare
1079 2229 1196 2289 amore,
1217 2205 1264 2276 la-

408 2338 483 2410 bora
504 2336 670 2408 terminare
690 2337 808 2435 topices
827 2336 1028 2420 differentias,
1053 2350 1085 2406 ot
1101 2335 1266 2432 diligenter

408 2469 511 2567 accipe
540 2468 778 2566 praedicamenta
804 2468 983 2540 Aristotelis
1016 2481 1180 2566 antequam
1205 2494 1265 2539 ve*

372 2689 376 2697 Ι
409 2603 488 2674 uiam
506 2602 641 2674 domum.
688 2605 759 2674 Non
778 2603 920 2674 attendas
936 2603 979 2674 tui
995 2593 1125 2698 collegae
1141 2601 1265 2676 delicias

408 2736 455 2807 cui
472 2735 583 2806 sufficit
602 2760 696 2805 nosse
718 2735 841 2806 nomina
863 2735 1013 2806 librorum
1030 2761 1109 2832 quos
1129 2735 1214 2830 legit,
1234 2748 1266 2805 et

409 2893 473 2938 suae
505 2866 645 2938 lectionis
674 2868 833 2938 nominare
858 2867 944 2952 lolia;
975 2880 1008 2939 tu
1036 2894 1112 2938 vcro
1144 2867 1267 2942 antelu-

408 3027 502 3074 canus
520 3026 629 3096 surge,
650 2991 793 3070 contiuua
810 3013 920 3071 noctes
939 2999 1049 3071 diebus
1064 3012 1095 3070 ct
1112 2999 1180 3072 dies
1194 3025 1268 3070 noc-

409 3135 489 3206 tibus
514 3134 544 3204 in
572 3133 675 3205 auditu
699 3148 730 3205 et
757 3134 955 3206 meditatione
980 3134 1147 3206 dialecticae
1173 3133 1268 3205 disci-

411 3268 511 3366 plinoe.
565 3267 661 3365 Cupio
675 3280 706 3338 te
719 3293 790 3338 meo
804 3267 961 3339 informari
973 3267 1127 3366 exemplo,
1141 3282 1173 3338 et
1186 3283 1267 3340 tuam

410 3413 547 3472 mentem
577 3425 657 3470 meae
686 3400 798 3471 mentis
828 3400 926 3496 sigillo
952 3399 1100 3498 imprimi,
1130 3413 1268 3497 paternae

410 3531 560 3638 aviditatis
572 3533 789 3632 expectatione
805 3533 919 3629 llagito.
972 3536 1075 3604 Ferre
1092 3532 1183 3626 igitur
1200 3545 1270 3601 slu-

410 3665 502 3737 dendi
520 3665 671 3751 incendio,
692 3679 723 3736 et
741 3679 827 3736 tanto
845 3665 1004 3763 impigrius
1021 3665 1059 3738 ad
1079 3664 1186 3762 epulas
1198 3663 1271 3761 phi-

368 3823 371 3832 ’
410 3798 557 3896 losophiae
574 3799 684 3870 festina
702 3813 816 3896 quanto
833 3799 873 3871 dc
891 3799 928 3870 iis
944 3827 1007 3872 non
1025 3799 1200 3872 hominibus
1213 3798 1268 3869 sed

411 3936 478 4003 Deo
495 3932 694 4018 famulaturus
711 3958 757 4002 cs.
805 3933 870 4004 Tuo
884 3931 968 4003 cordi
986 3932 1027 4003 tui
1047 3931 1194 4029 propositi
1212 3956 1267 4000 re-
