3038 5036
412 705 481 777 202
619 731 731 777 munau
748 733 784 778 ns
802 733 893 779 uuam
910 733 1054 780 misione.

545 977 589 1045 Du
608 1001 811 1048 srnrruaunus
831 1002 926 1048 umus
946 1001 1132 1048 vnsnunuus.

459 1121 540 1192 Audi
552 1123 624 1220 quid
638 1125 774 1194 loannes
791 1124 963 1222 Apostolus
979 1124 1070 1208 dieat,
1087 1137 1146 1194 eto.
1194 1182 1199 1192 .
1258 1182 1264 1192 .

411 1302 455 1370 DE
474 1327 674 1376 summotenus
693 1330 789 1376 nautis
805 1331 838 1377 ΕΤ
858 1331 893 1376 llll
910 1331 1061 1377 smmum!
1081 1330 1193 1386 eltuto,
1214 1329 1270 1387 Ql'O

633 1462 827 1509 consumens
844 1463 893 1509 sssr
911 1463 1038 1509 lNllllCl'S.

458 1685 514 1754 His
532 1685 571 1756 ita
588 1686 739 1772 decursis,
755 1687 920 1760 redeamus
932 1689 970 1762 ad
988 1690 1159 1775 materiam,
1177 1703 1237 1760 etc.

407 1952 452 2020 Du
470 1977 612 2035 ouanmoa
630 1981 687 2038 oua
705 1981 796 2026 auam
812 1958 1003 2027 Ernnmmua
1021 1981 1148 2026 annuam
1166 1981 1214 2027 nsr
1228 1982 1267 2027 an

775 2114 891 2160 surum.

457 2219 539 2290 Satis
556 2233 588 2291 et
604 2221 679 2292 satis
695 2219 793 2292 habes
811 2221 841 2292 in
859 2221 1049 2292 monasterio
1061 2234 1114 2292 tuo
1128 2220 1265 2318 quotidie

407 2375 474 2447 prae
494 2351 590 2423 oeulis
610 2353 698 2449 eujus
717 2352 886 2423 sanctitatis
907 2377 1002 2450 opera
1023 2351 1265 2450 praecordialiter

407 2482 547 2569 imiteris,
570 2484 703 2580 gloriosa
726 2497 758 2555 et
783 2484 912 2580 insignis
936 2496 969 2555 ot
990 2483 1125 2582 pretiosa
1149 2509 1263 2582 sponsa

407 2617 518 2687 summi
542 2617 626 2714 regis
647 2617 860 2714 Ethelbergae,
885 2630 935 2688 eto
939 2675 1258 2687 ......

406 2747 485 2831 Quae
502 2749 599 2820 sancti
616 2749 769 2848 pontificis
789 2748 990 2820 Erkenwaldi
1012 2773 1170 2844 germana,
1188 2748 1262 2820 dum

406 2879 577 2952 fraternum
594 2882 624 2953 iu
642 2883 723 2954 vivis
742 2883 890 2981 operibus
902 2882 1101 2953 aemularetur
1116 2881 1262 2967 studium,

405 3017 542 3089 ooelestis
559 3016 689 3089 obtinuit
713 3016 828 3088 militiae
849 3015 1049 3115 triumphum,
1073 3029 1133 3087 eto.
1190 3074 1196 3086 .
1252 3076 1258 3086 .

409 3208 664 3220 .....
718 3149 777 3234 Qui
792 3148 886 3220 vitam
899 3149 967 3245 ejus
981 3148 1102 3246 plenius
1116 3149 1198 3247 eupit
1209 3147 1262 3220 ad-

405 3281 539 3367 discere,
558 3282 641 3378 legat
661 3281 744 3379 quod
760 3280 845 3352 Beda
863 3280 894 3350 in
914 3278 1041 3350 historia
1065 3279 1167 3375 gentis
1187 3280 1262 3349 An-

405 3415 526 3512 glorum
543 3414 698 3486 luculento
711 3413 751 3486 de
766 3414 823 3484 ista
840 3413 910 3484 stilo
924 3412 1098 3496 contexuit,
1114 3424 1146 3482 et
1158 3411 1262 3509 quanti

405 3549 444 3620 sit
457 3547 536 3647 apud
546 3550 646 3620 Deum
660 3545 773 3630 meriti,
791 3545 870 3616 scire
885 3545 951 3615 sine
965 3544 1058 3615 dubio
1068 3542 1259 3641 praevalebit.

404 3681 582 3753 Secundum
596 3681 813 3781 etymologiam
827 3679 960 3750 nominis
977 3679 1044 3775 ejus
1061 3675 1264 3774 resplendent

402 3815 433 3885 in
452 3813 567 3884 mundo
583 3837 677 3912 opera
695 3814 772 3910 ejus.
825 3809 956 3906 Anglioe
971 3809 1054 3878 enim
1070 3806 1262 3903 Ethelberga

401 3948 509 4020 civitas
526 3946 636 4018 dicitur
654 3946 765 4017 nobilis
787 3945 837 4015 vel
857 3944 953 4039 regia,
974 3955 1049 4026 ete,
1070 3955 1137 4012 ete¹¹
1188 3997 1196 4010 .
1251 4001 1257 4011 .
