3038 5036
433 723 547 769 osorum
565 722 600 767 nn
619 722 709 766 cinna
729 722 875 766 unsroar..
1018 701 1086 772 499

229 881 322 952 Aliud
335 883 437 980 itaque
456 883 590 954 Caesaris
607 882 740 978 Augusti
754 882 949 964 vocabulum,
969 884 1008 954 ab
1021 885 1090 954 Oc-

230 1015 308 1086 tavia
326 1017 515 1087 Octavianus
530 1016 651 1094 dicitur,
667 1042 769 1114 neque
783 1044 799 1087 a
813 1017 964 1115 mysterio
979 1044 1089 1090 vacare

229 1147 296 1243 ejus
310 1147 491 1242 significatio
502 1148 685 1219 aestimatur.
728 1148 912 1246 Ubicunque
924 1149 1006 1219 enim
1021 1151 1090 1220 titu-

231 1278 278 1348 lus
294 1279 401 1376 psalmi
421 1278 565 1350 scribitur
583 1305 640 1376 pro
658 1293 775 1363 octava,
795 1279 837 1350 ibi
854 1281 1091 1352 resurrectionis

192 1471 195 1480 .
231 1423 347 1481 nostrae
367 1425 453 1482 certa
473 1409 599 1507 requies
619 1409 799 1504 designatur
816 1423 848 1480 et
865 1410 971 1506 gloria.
1025 1413 1091 1483 Sub

231 1541 358 1639 imperio
375 1567 453 1637 ergo
467 1541 626 1613 Octaviani
644 1542 788 1625 Caesaris,
808 1542 859 1639 qui
879 1557 911 1614 et
929 1544 1090 1640 Augustus

231 1672 351 1757 dicitur,
377 1675 459 1745 bene
481 1673 618 1744 nascitur
639 1672 796 1756 Christus,
820 1675 907 1770 cujus
933 1675 1090 1746 nativitate

231 1806 329 1877 renati
343 1833 449 1877 sumus
462 1806 500 1877 ad
513 1806 606 1876 vitam
619 1819 651 1876 et
664 1823 734 1876 cum
749 1806 799 1877 illo
813 1807 843 1876 in
861 1821 968 1878 octava
982 1834 1091 1881 resur-

231 1963 341 2032 gemus
359 1937 397 2009 ad
420 1964 571 2010 novorum
589 1963 755 2035 corporum
778 1939 1037 2010 immortalitatem
1059 1957 1092 2011 et

232 2069 371 2165 gloriam.
387 2071 522 2140 Inserta
540 2069 622 2140 enim
640 2069 827 2152 laboramus,
848 2069 878 2140 in
892 2070 1022 2168 septima
1042 2097 1092 2142 re-

231 2201 404 2299 quiescere,
420 2202 450 2272 in
464 2214 572 2273 octava
584 2214 688 2272 autem
704 2201 881 2297 glorificatae
898 2203 999 2274 carnis
1012 2231 1092 2276 novo

232 2333 397 2432 splendore
411 2333 639 2405 reflorebimus.
694 2334 872 2405 Secundum
890 2335 972 2433 quod
989 2337 1029 2408 de
1046 2339 1092 2409 vi-

232 2467 319 2536 sione
335 2467 440 2537 Silviae
457 2466 574 2537 sentire
591 2449 675 2564 potui
693 2465 854 2563 utriusque
870 2467 981 2565 palmae
999 2469 1093 2565 signi-

233 2598 390 2670 ficationes
408 2599 559 2697 expressi.
613 2599 664 2670 Sic
685 2597 846 2670 frondibus
862 2613 894 2670 et
916 2600 1010 2670 ramis
1026 2601 1090 2670 visa

233 2745 283 2802 est
308 2731 492 2814 silvescere,
520 2745 552 2801 ct
577 2732 673 2802 attera
697 2732 727 2801 in
752 2731 798 2803 sui
820 2732 971 2829 parvitate
998 2732 1092 2803 dimi-

233 2863 355 2934 nuenda
382 2877 537 2934 constare.
598 2863 677 2948 Quia
708 2877 837 2962 propter
867 2879 1091 2936 exaestuantem

232 2995 381 3066 deformis
402 2994 477 3066 lucri
501 2993 699 3092 cupiditatem
724 3009 756 3064 et
780 3007 909 3092 propter
932 2995 1091 3095 intempe-

233 3129 363 3200 rantiam
381 3128 411 3198 in
429 3152 584 3198 venereos
603 3153 678 3197 usus
696 3127 966 3212 exardescentem,
986 3154 1094 3199 mer(-

233 3261 328 3332 trices
353 3260 464 3332 merito
489 3260 570 3357 lupae
595 3259 802 3332 nominantur.
855 3260 939 3332 Acca
964 3286 1034 3358 quae
1062 3275 1094 3332 et

233 3393 515 3490 Laurentia,quum
524 3393 673 3462 meretrix
683 3405 774 3462 antea
783 3391 934 3490 impudica
944 3393 1091 3476 extiterit,

233 3525 264 3594 in
278 3524 353 3594 silva
367 3536 512 3621 repertos
524 3522 602 3593 lacte
617 3547 674 3592 suo
686 3520 822 3591 fideliter
833 3521 998 3592 infantulos
1010 3547 1093 3592 enu-

233 3656 327 3726 trivit.
386 3656 464 3727 Avis
487 3667 591 3728 autem
615 3653 741 3738 martia,
765 3654 878 3750 conjux
899 3655 1089 3725 Laurentiae.

233 3789 397 3858 Faustulus
415 3801 492 3868 erat,
512 3787 563 3884 qui
580 3786 619 3858 de
633 3801 732 3858 matre
745 3785 918 3885 progenitis
930 3785 1003 3856 vitae
1016 3787 1094 3856 sub-

235 3918 309 3988 sidia
327 3918 530 3988 ministrabat.
585 3919 661 3987 Hac
678 3917 769 4012 igitur
787 3930 858 3986 sunt
876 3915 962 4014 picus
978 3916 1042 3985 avis
1061 3929 1093 3984 et
