3038 5036
440 717 507 784 l68
647 743 757 786 osonnn
775 743 810 787 on
829 743 918 788 cunm
937 741 1083 788 nnsronn.

436 899 515 984 culo!
531 903 637 972 nescio
650 903 722 1000 quid
735 904 880 1000 operiens
896 904 945 974 illo
959 905 1108 1002 temporis
1122 903 1297 984 intervallo,

437 1058 530 1128 quum
560 1049 690 1132 repente
717 1037 866 1133 conspicit
891 1049 987 1106 totam
1017 1036 1137 1132 fulgore
1163 1061 1297 1106 corusco

436 1164 555 1235 radiare
579 1166 734 1238 basilicam
761 1182 791 1238 et
819 1193 876 1264 per
901 1167 1083 1238 orientalem
1108 1167 1184 1238 aedis
1204 1167 1297 1237 almae

437 1295 615 1380 fenestram,
628 1299 784 1394 eregione
794 1323 912 1369 monsae
921 1298 1101 1381 Dominioae,
1113 1296 1297 1395 praeclaram

437 1428 531 1522 Regis
548 1429 673 1500 introire
687 1455 864 1527 personam,
885 1454 978 1526 quem
991 1428 1170 1499 candidatus
1181 1427 1296 1526 Ephe—

435 1560 546 1630 borum
575 1562 779 1632 comitabatur
811 1561 984 1644 exercitus,
1020 1573 1148 1657 eratque
1177 1557 1297 1629 infinita

435 1693 579 1788 gloriosae
595 1693 674 1765 illius
692 1693 891 1764 multitudinis
907 1693 1005 1789 copia,
1021 1718 1155 1789 purpura
1177 1705 1209 1761 et
1221 1693 1295 1787 jas-

435 1825 517 1922 pide,
543 1827 700 1924 byssoque
726 1851 760 1896 ac
784 1824 914 1895 sindone
936 1824 976 1894 ab
1000 1823 1084 1892 omni
1107 1834 1195 1920 parte
1218 1849 1296 1893 auro

435 1956 643 2027 circumtecta.
693 1958 795 2026 Heros
810 1978 887 2024 vero
900 1952 1029 2048 insignis
1046 1952 1201 2050 septigera
1214 1977 1297 2050 prae-

436 2085 571 2156 minabat
584 2085 731 2181 dignitate
748 2109 814 2183 prae
830 2083 965 2167 oaeteris,
985 2107 1078 2180 quem
1096 2083 1192 2178 gloria
1209 2085 1294 2154 inel-

436 2218 517 2289 labili
535 2221 702 2291 coronabat
719 2218 892 2290 diademate
911 2230 942 2287 et
959 2217 1110 2312 elegantia
1128 2216 1297 2287 decorabat
1328 2229 1335 2244 '

435 2349 678 2422 immarcescibili
701 2352 874 2447 juventute.
928 2347 1029 2431 Quem
1061 2373 1154 2444 quum
1186 2347 1297 2443 ingrc-

436 2481 573 2554 dientem
588 2483 774 2554 secretarius
791 2481 839 2551 illa
858 2479 1120 2577 contemplaretur
1137 2479 1298 2576 stupefac-

434 2611 1292 2713 tuS,tantaequenovitatisgloriammirareturinsolitam,

436 2747 572 2817 coelestis
593 2746 752 2818 hierarcha
770 2744 914 2843 pavidum
932 2744 1096 2842 praevenit,
1115 2743 1298 2841 alloquens-

436 2905 496 2976 que
528 2882 704 2978 ambiguum
739 2879 796 2950 hac
827 2879 945 2948 ratione
978 2877 1122 2948 convenit
1151 2906 1157 2945 :
1193 2877 1292 2962 Quid,

376 2997 380 3005 i
436 3013 543 3110 inquit,
561 3028 624 3084 tam
637 3015 729 3109 longa
743 3015 773 3082 in
789 3012 885 3082 sacris
901 3011 1047 3082 detentus
1060 3037 1095 3080 es
1112 3035 1198 3080 mora
1213 3010 1297 3106 vigi-

436 3145 505 3215 liis?
564 3150 625 3219 Cur
653 3148 707 3219 tibi
734 3149 764 3216 in
792 3146 951 3216 nocturnis
982 3170 1043 3214 non
1072 3144 1199 3214 inservit
1221 3169 1296 3214 cura

436 3280 534 3374 major
556 3278 714 3349 excubiis?
765 3280 842 3361 lam,
864 3277 971 3374 inquit,
992 3276 1039 3346 illa
1063 3275 1198 3346 celebris
1217 3274 1295 3345 bora

437 3412 595 3509 praeteriit‚
616 3439 675 3510 qua
693 3413 892 3483 tinnientibus
906 3411 1056 3510 cymbalis
1072 3437 1088 3480 a
1105 3436 1214 3480 somno
1230 3409 1296 3480 de-

437 3539 522 3611 sidiae
536 3541 688 3612 excitandi
706 3541 819 3611 fratres
837 3541 988 3611 lucrante
1005 3554 1154 3611 nocturna
1171 3563 1297 3609 recrea-

356 3741 358 3746 .
436 3673 527 3744 tione
570 3674 734 3772 Quumque
748 3673 927 3772 pavefactus
941 3686 972 3742 et
982 3671 1121 3770 stupidus
1134 3671 1172 3742 ad
1184 3695 1298 3742 vocem

437 3806 503 3901 ejus
522 3818 551 3875 et
570 3819 728 3904 aspectum
745 3805 903 3876 haesitaret
922 3804 1064 3887 aedituus,
1089 3803 1199 3873 iterum
1218 3828 1299 3899 per-

436 3963 510 4008 sona
537 3937 711 4034 spectabilis
731 3936 892 4032 alloquitur
915 3935 1083 4005 hominem.
1111 3946 1175 4004 toto
1199 3934 1297 4004 corde
