3012 5040
420 724 432 789 ‘i
443 723 489 794 Ἡ
630 746 743 792 osonum
760 746 795 792 DE
812 747 903 792 GLARA
921 747 1067 793 EPISTOLAE.

415 902 452 973 ad
468 902 684 974 solennitatem
696 903 787 975 vobis
804 905 964 986 mittimus,
979 919 1013 976 ut
1025 906 1126 976 omnia
1140 907 1170 976 in
1184 907 1279 979 nuntii

416 1035 574 1108 redeuntis
599 1035 735 1108 adventu
758 1035 932 1108 authentica
954 1063 1025 1108 oum
1041 1037 1152 1134 gaudio
1175 1039 1281 1110 susci-

414 1168 543 1266 piamus.
596 1168 686 1264 Cogit
707 1193 758 1238 me
779 1168 818 1239 ad
839 1169 1057 1266 postulandum
1081 1171 1121 1242 ab
1141 1171 1279 1242 auctori-

416 1313 477 1370 tate
503 1298 588 1370 sedis
608 1299 798 1397 Apostolioae
815 1301 962 1372 sanctitas
988 1303 1070 1373 beati
1095 1303 1164 1388 viri,
1192 1305 1278 1400 eujus

415 1430 567 1501 honorem
586 1443 618 1501 et
639 1429 778 1526 gloriam,
800 1431 851 1529 qui
869 1445 956 1502 tanto
974 1445 1117 1531 tempore
1135 1458 1278 1531 quaerere

415 1562 598 1646 distulimus
617 1575 764 1633 cruentos
778 1561 914 1659 quotidie
931 1565 1187 1661 prosequentium
1206 1565 1278 1660 gla-

415 1693 482 1763 dios
498 1691 671 1763 oervioibus
689 1690 805 1761 nostris
822 1691 985 1762 imminere
1004 1693 1165 1765 sentimus.
1220 1697 1274 1778 lta,

416 1839 505 1924 pater
529 1837 647 1908 sancte,
676 1838 764 1921 pater
793 1823 930 1909 excelse,
962 1825 1019 1910 ita,
1046 1827 1104 1896 Dei
1135 1827 1279 1926 princeps

416 1957 554 2053 egregie,
574 1970 606 2026 et
624 1955 712 2026 firma
727 1956 869 2028 columna
885 1971 917 2028 et
934 1959 1052 2030 stabilis
1069 1959 1222 2045 ecetesiae,
1238 1961 1277 2032 ita

415 2089 559 2187 suscipiat
572 2088 655 2186 quod
670 2087 804 2186 petimus
816 2102 921 2162 vestra
938 2089 1084 2185 dignane,
1103 2105 1137 2162 ut
1153 2116 1277 2162 memo-

415 2225 470 2296 riae
495 2221 628 2294 nominis
651 2221 747 2293 vestri
773 2248 829 2319 per
855 2223 968 2295 saeoula
994 2213 1194 2321 resplendeat
1219 2252 1276 2323 pro

414 2355 532 2429 cunctis
553 2357 582 2427 in
600 2381 699 2451 regno
716 2353 891 2450 Anglorum
909 2382 966 2453 pro
984 2369 1069 2428 tanto
1086 2357 1200 2456 talique
1217 2383 1277 2428 na-

416 2490 509 2586 gotio,

464 2621 622 2695 Custodiat
647 2621 797 2693 Dominus
822 2646 990 2719 porsonam
1021 2635 1158 2693 vestram
1184 2624 1275 2719 longo

416 2769 556 2852 tempore
579 2753 692 2825 salvam
712 2766 804 2851 atque
826 2753 1012 2825 incolumem
1038 2754 1076 2826 ad
1101 2756 1273 2851 regendum

416 2887 562 2984 populum
580 2897 720 2957 sanatum
738 2884 806 2954 Dei.
860 2884 974 2956 Amen.

499 3103 702 3176 EPISTULA
715 3105 993 3175 Vlt.-Imocnnrrr
1009 3130 1141 3176 urrsroun
1157 3131 1194 3176 aa

462 3221 601 3292 Aanuruu
627 3245 660 3290 ur
686 3245 850 3291 oonvnmuu
872 3222 1222 3292 Wusruouusrnmsusnu.

414 3387 609 3458 innocentius
626 3387 816 3482 Episcopus,
837 3411 942 3458 servus
959 3412 1118 3458 seruorum
1129 3387 1200 3466 Dei,
1221 3385 1273 3454 di-

465 3518 549 3589 lectis
566 3517 645 3614 filiis
664 3516 702 3590 G.
724 3517 835 3588 Abbati
854 3531 882 3587 et
903 3517 1055 3615 [ratribus
1071 3519 1171 3588 sancti
1186 3518 1273 3588 Petri

467 3649 740 3729 Westmonasterii,
764 3648 944 3719 salutemet
964 3647 1165 3745 apostolicam
1184 3647 1273 3718 bene-

463 3779 635 3850 dictionem.

464 3941 618 4028 Quoniam
631 3943 810 4040 religiosum
820 3944 932 4031 virum,
943 3943 1081 4044 priorem
1090 3943 1270 4025 Osbertum,
