3012 5040
403 719 448 785 60
610 738 748 784 urrsronn
762 737 897 784 nucarum
911 736 1044 784 rosinam.

400 925 462 969 non
481 899 519 968 sit
535 897 662 968 inlerius
675 897 725 968 tali
739 897 926 967 inventione.
982 895 1102 966 Adesto
1119 897 1206 966 lesu!
1228 907 1260 964 et

315 1123 322 1140 .
400 1030 501 1102 dubiae
514 1030 627 1126 linguae
640 1029 839 1100 subministra
856 1028 951 1114 vires,
966 1041 1000 1098 ut
1016 1041 1048 1098 et
1064 1053 1155 1098 mens
1168 1026 1260 1123 digna

401 1162 498 1232 relatu
520 1161 680 1259 concipiat,
704 1175 736 1232 et
757 1161 907 1259 prolatam
928 1160 1163 1258 conceptionem
1185 1184 1260 1229 me-

401 1294 513 1366 diocris
529 1294 703 1392 eloquentia
720 1293 848 1365 coleret.
902 1292 1023 1365 Adsum
1036 1293 1128 1388 igitur
1144 1291 1194 1362 ille
1205 1318 1260 1362 an-

401 1427 504 1525 tiquus
527 1440 695 1498 veteranus
721 1427 892 1525 praeliator,
918 1426 965 1498 cui
996 1451 1058 1496 non
1085 1424 1185 1495 solum
1210 1437 1261 1495 est

400 1585 502 1657 pugna
517 1571 625 1630 contra
641 1558 741 1628 aerias
758 1571 942 1655 potestates,
959 1555 1122 1654 spiritualia
1140 1581 1261 1653 nequa—

401 1690 537 1788 quamin
550 1690 741 1775 coelestibus
752 1703 785 1762 ut
797 1715 832 1760 se
844 1689 990 1762 dimicare
1005 1687 1262 1785 gloriaturApos-

401 1822 491 1906 tolus,
506 1821 561 1892 sed
579 1821 731 1892 adversus
743 1847 882 1906 carnem,
900 1821 1092 1918 sanguinem,
1108 1819 1259 1892 adversus

400 1952 628 2036 vice-comites,
647 1952 843 2050 praepositos,
856 1951 1007 2024 adversus
1020 1959 1215 2022 accusatores
1226 1963 1259 2020 et

401 2083 551 2168 bedellos,
567 2109 698 2182 quorum
712 2097 795 2154 tanta
810 2098 858 2154 est
871 2085 957 2182 copia
973 2083 1136 2182 quovicini
1148 2081 1256 2164 nostri,

401 2215 553 2287 adversus
574 2215 631 2286 hos
652 2215 814 2311 vigilamus
832 2229 934 2301 nocte,
954 2216 1129 2286 laboramus
1146 2214 1207 2299 die,
1227 2227 1260 2284 et

402 2348 482 2418 nulla
499 2347 711 2419 conceduntur
730 2361 880 2444 tempora,
900 2347 973 2446 quin
991 2373 1099 2417 eorum
1116 2346 1194 2418 dolis
1208 2360 1260 2416 aut

384 2533 388 2540 -
402 2479 571 2564 fraudibus,
587 2492 639 2550 aut
652 2477 766 2577 rapinis
785 2478 928 2550 reluctari
946 2503 1102 2574 cogamur.
1143 2480 1259 2548 Eorum

401 2611 540 2683 amicitiae
553 2624 651 2709 spatae
668 2624 751 2694 sunt,
770 2624 802 2680 et
816 2609 841 2680 si
858 2609 1020 2706 aliquando
1033 2608 1202 2706 indulgent,
1223 2633 1259 2679 ea

401 2742 588 2839 indulgentia
602 2741 716 2813 saevius
730 2755 836 2811 nostra
850 2740 1014 2826 devorant,
1030 2767 1139 2812 manus
1153 2765 1259 2810 eorum

402 2873 550 2970 sanguine
565 2872 666 2970 plenae
684 2885 767 2957 sunt,
784 2886 816 2942 et
831 2871 902 2942 nihil
920 2883 1109 2943 venerantur
1119 2871 1175 2941 nisi
1188 2897 1261 2942 mu-

401 3033 476 3092 nus;
502 3006 630 3077 inferius
648 3004 774 3076 minime
793 3005 937 3102 impletur
962 3004 1079 3103 praeda,
1100 3017 1259 3074 eteorum

401 3136 536 3208 avaritiae
558 3134 638 3206 nulla
659 3133 771 3206 sufficit
787 3134 927 3233 pecunia,
980 3133 1135 3231 Capimur,
1156 3132 1258 3204 necti-

401 3293 483 3352 mur,
499 3266 701 3362 llagellamur,
718 3265 946 3336 incarceramur
963 3277 995 3336 et
1007 3265 1190 3335 continuatis
1205 3263 1260 3334 do-

401 3399 529 3484 loribus,
556 3398 673 3469 diurnis
698 3410 730 3467 et
756 3397 914 3468 nocturnis
935 3396 1113 3479 intervallis
1137 3409 1259 3496 nostras

402 3532 543 3603 miserias
560 3531 774 3602 lamentamur.
828 3532 1004 3628 lmportuna
1018 3555 1105 3600 musa
1121 3529 1150 3599 in
1167 3528 1258 3598 domo

401 3665 501 3735 luctus
522 3677 553 3735 et
566 3659 725 3734 ¹Pieridum
739 3662 821 3745 modi
843 3688 859 3732 a
880 3660 965 3732 [lenti
987 3661 1088 3732 animo
1108 3659 1259 3732 extermi-

400 3809 521 3868 nantur.
574 3799 695 3880 Frater,
709 3821 780 3866 eum
798 3794 906 3866 ludere
924 3820 986 3864 non
1002 3793 1074 3865 licet
1090 3792 1141 3890 qui
1152 3792 1258 3862 vivere

400 3955 461 4000 non
475 3941 587 4027 potest.
642 3925 1160 4020 VenatioleoniS,onagerinagro.
1207 3923 1258 3993 Sic
