3012 5040
456 749 593 795 susiana
610 749 745 796 annonari
763 749 896 800 cosmae.
1061 721 1099 795 ”ll

247 930 379 976 necesse
391 906 511 978 hahens
523 907 603 1006 apud
619 935 676 979 vos
694 908 862 978 clamorem
875 909 978 980 lacere
992 907 1031 978 de
1042 907 1107 1006 qui-

246 1036 377 1107 busdam
407 1037 495 1108 malis
523 1038 698 1110 hominibus
724 1040 774 1136 qui
799 1039 956 1138 praeterita
984 1039 1107 1111 hebdo—

246 1167 336 1238 mada
346 1194 472 1266 parcum
479 1193 588 1240 meum
601 1169 848 1268 fregeruntapud
856 1171 1106 1254 Humerechld

244 1313 278 1370 ct
294 1326 389 1371 unum
407 1327 500 1399 quem
519 1303 560 1373 ibi
581 1302 734 1374 habebam
752 1329 879 1375 cervum
899 1318 990 1374 nocte
1008 1304 1108 1374 inter-

243 1432 396 1518 fecerunt,
420 1449 452 1504 et
474 1436 612 1532 projecto
634 1435 733 1534 capite
753 1461 823 1508 cum
844 1435 977 1534 pedibus
1003 1450 1034 1506 et
1058 1437 1108 1507 in-

243 1565 377 1650 testinis
393 1565 578 1664 dampnabili
593 1567 674 1638 lurto
688 1580 897 1666 asportarunt.
943 1567 1033 1639 Unde
1047 1594 1106 1663 ego
1193 1661 1200 1668 ·

243 1711 276 1768 ct
301 1697 459 1770 dominum
483 1700 713 1784 vicecomitem,
741 1713 773 1770 et
800 1725 911 1771 omnes
939 1699 1049 1772 fideles
1069 1707 1107 1772 'ct

240 1829 433 1902 Christianos
461 1831 518 1902 Dei
550 1831 663 1904 horum
698 1833 898 1904 comitatuum
928 1833 1106 1931 suppliciter

242 1987 357 2049 exoro,
380 1976 412 2034 ut
432 1963 457 2034 si
480 1963 554 2061 quid
578 1963 650 2035 inde
671 1963 824 2036 audierint
847 1965 897 2036 vel
922 1965 1106 2063 praesentire

241 2094 410 2192 potuerint,
436 2095 509 2167 mihi
530 2095 677 2181 indicent,
702 2110 734 2167 et
755 2097 893 2169 occultos
910 2097 1106 2170 adversarios

240 2226 434 2298 laudabiliter
451 2226 593 2324 prodant.
647 2229 717 2324 Ego
735 2227 859 2300 interim
873 2230 1106 2300 excommunico
1125 2241 1128 2247 '
1152 2289 1154 2296 ,

241 2357 360 2455 eosqui
376 2383 504 2456 parcum
517 2383 622 2430 meum
636 2357 799 2454 [regemnt
812 2372 844 2429 et
856 2384 985 2430 cervum
999 2385 1104 2432 meum

241 2488 465 2560 interfecerunt
494 2512 532 2559 oo
561 2486 757 2560 anathemate
790 2513 851 2585 quo
886 2491 972 2559 Deus
1008 2489 1103 2562 iratus

241 2621 375 2718 percutit
391 2620 509 2691 animas
526 2620 700 2718 impiorum.
754 2619 909 2692 Interdico
925 2621 971 2691 eis
983 2620 1103 2717 ingrcs-

241 2779 311 2822 sum
327 2752 478 2838 ecclesiae‚
496 2765 528 2823 ct
543 2777 657 2850 corpus
677 2765 709 2823 et
726 2753 909 2848 sanguinem
927 2752 1051 2838 Christi,
1072 2767 1105 2824 et

241 2885 490 2956 communionem
522 2884 617 2956 totius
642 2883 887 2957 Christianitatis.
948 2885 1103 2958 Maledicti

242 3030 274 3088 ct
295 3016 549 3089 excommunicati
574 3017 636 3088 sint
654 3016 685 3086 in
710 3016 864 3102 domibus,
889 3016 919 3087 in
940 3017 998 3088 viis
1017 3029 1050 3088 ct
1073 3017 1103 3087 in

241 3149 335 3244 agris,
356 3149 386 3219 in
410 3148 495 3219 silvis
520 3161 553 3218 ct
575 3148 606 3218 in
632 3147 731 3245 aquiS,
756 3162 788 3218 et
812 3149 843 3219 in
867 3147 1011 3219 omnibus
1027 3149 1103 3220 locis

241 3281 352 3379 quibus
364 3279 481 3351 inventi
491 3279 615 3351 luerint.
659 3281 980 3378 Computrescatcaro
993 3305 1101 3351 eorum

240 3413 292 3512 qui
310 3438 437 3484 carnem
458 3412 544 3484 cervi
563 3411 624 3483 mei
646 3411 848 3498 devorarunt,
874 3413 952 3484 sicut
972 3432 1102 3511 compu-

240 3546 313 3617 truit
322 3546 549 3632 adulteratis,
563 3547 614 3644 qui
627 3572 684 3644 pro
697 3545 821 3618 Christo
831 3546 907 3617 ludit
918 3548 1101 3643 sanguinem

239 3675 452 3761 innocentem,
480 3702 551 3747 cum
580 3675 656 3746 Juda
679 3675 828 3747 traditore
852 3690 884 3746 et
909 3676 1045 3759 Anania,
1069 3692 1101 3747 ct

240 3807 381 3907 Saphyra
394 3822 425 3879 ct
439 3807 560 3880 Dathan
571 3821 604 3879 et
614 3808 744 3880 Abiron.
781 3809 929 3882 'Habeant
939 3809 1100 3880 anathema

240 3940 436 4026 maranatha,
459 3941 517 4011 nisi
543 3941 603 4012 cito
621 3941 808 4040 resipuerint
827 3954 859 4012 et
882 3941 1012 4013 fecerint
1029 3941 1101 4012 mihi
