3012 5040
437 729 548 775 OSBERTl
567 729 601 774 DE
620 729 711 774 ctam
730 729 876 774 uetsrotm.
1019 707 1087 775 wll

227 887 285 957 hoc
308 912 364 985 per
385 887 504 986 plateas
529 901 560 956 et
582 888 668 958 vicos
692 887 879 985 publicatum
901 888 1084 985 accepimus.

228 1018 352 1090 Plorant
378 1020 477 1117 pueri,
504 1019 711 1090 lamentantur
728 1021 873 1115 juvenes,
900 1045 993 1090 senes
1017 1033 1089 1090 tur-

229 1151 352 1234 bantur,
374 1163 503 1247 gemunt
520 1151 634 1234 viduae,
656 1151 793 1246 virgines
813 1152 979 1249 suspirant,
999 1153 1091 1250 plan-

230 1296 306 1378 gunt
316 1282 431 1381 pupitti;
448 1284 564 1354 servuli
577 1282 746 1367 dominum,
762 1282 813 1354 filii
830 1295 962 1380 patrem,
977 1283 1090 1354 milites

229 1415 353 1499 ducem,
375 1413 536 1484 domestici
557 1414 762 1511 provisorem,
788 1427 820 1483 et
837 1427 936 1485 coetus
959 1441 1090 1485 monas-

229 1550 308 1620 ticus
335 1549 448 1619 abesse
477 1549 616 1644 queritur
637 1559 858 1646 protectorem.
912 1547 1091 1619 Sulliciebat

230 1683 323 1752 etiam
341 1680 379 1752 ad
400 1693 545 1750 votomm
562 1681 682 1778 copiam
700 1693 732 1750 et
748 1681 842 1750 totius
859 1681 972 1752 laetitiae
990 1681 1091 1752 satie—-

229 1827 336 1895 tatem,
361 1811 444 1910 quod
461 1813 552 1883 nobis
572 1827 634 1883 tam
652 1813 788 1908 benigne
810 1813 979 1910 praestabat
996 1813 1090 1883 lami-

228 1945 304 2016 liare
325 1943 574 2026 contubernium,
596 1957 660 2013 tam
678 1943 786 2042 lepore
807 1943 977 2014 verbomm
999 1969 1090 2041 quam

231 2076 678 2148 schematum'oblectamentis
696 2075 883 2147 audientium
902 2077 1021 2147 animos
1039 2103 1092 2148 na-

230 2209 336 2280 turalis
349 2208 475 2279 musicae
488 2207 590 2278 innata
604 2207 752 2278 suavitate
766 2208 976 2305 permulcens.
1013 2209 1090 2278 Boni

230 2339 334 2410 vultus
351 2352 384 2410 et
401 2338 534 2435 jocunda
552 2338 656 2422 lacieS,
682 2363 771 2409 escas
791 2339 961 2436 locupletes
979 2353 1010 2408 ct
1028 2339 1090 2409 de-

231 2469 352 2541 liciosas
368 2469 536 2542 varietates
553 2469 759 2567 apponebant.
801 2471 841 2540 Et
858 2469 940 2567 quod
956 2469 995 2540 ad
1008 2495 1091 2540 com-

232 2628 359 2674 munem
370 2603 506 2674 omnium
518 2615 694 2673 nostrorum
708 2613 826 2699 spectat
839 2602 991 2700 injuriam,
1000 2603 1092 2696 misr-

233 2735 372 2832 riamque
391 2748 519 2806 renovat
541 2735 743 2831 singulomm,
766 2760 863 2831 cogor
884 2734 989 2806 dicere
1010 2735 1092 2834 quod

234 2893 304 2938 cum
323 2867 441 2938 ratione
459 2893 552 2938 nemo
569 2879 673 2966 potest
686 2867 843 2952 refellere,
869 2868 969 2939 nescit
985 2881 1093 2966 optare

234 2999 371 3070 Pieridas
389 3025 448 3071 nec
465 3000 609 3070 Sirenum
628 3001 815 3096 investigare
834 3012 1022 3085 concentus,
1042 3002 1093 3097 qui

235 3130 312 3202 illius
334 3132 513 3230 conspectui
533 3157 676 3230 praesens
702 3134 828 3204 assistit.
883 3134 985 3204 Omne
1011 3134 1093 3203 enim

234 3262 316 3360 quod
335 3263 422 3347 vivit,
445 3262 528 3360 quod
546 3263 635 3362 sapit,
658 3263 741 3362 quod
762 3265 907 3361 loquitur,
931 3265 1015 3362 quod
1032 3266 1095 3361 agit

234 3397 318 3476 Deo,
353 3393 410 3466 sibi
439 3395 585 3478 subditis,
615 3397 772 3467 universae
797 3397 940 3468 ecclesiae
960 3397 1090 3495 proficit.

237 3529 307 3598 Non
320 3526 415 3598 habet
427 3527 533 3598 oculos
546 3527 623 3623 Argi
638 3540 671 3598 ut
687 3529 894 3626 concupiscat,
915 3554 973 3600 nec
987 3555 1096 3599 manus

238 3660 355 3731 Briarei
378 3671 412 3731 ut
429 3660 535 3758 rapiat.
589 3660 786 3732 Liberalitate
812 3673 991 3758 coaequatur
1014 3661 1093 3739 Tito

237 3804 268 3862 et
309 3789 520 3862 misericordia
562 3791 722 3890 copulatur
758 3791 918 3886 Augusto,
958 3792 1096 3862 facundia

238 3924 369 4022 Ulysses
397 3924 563 3996 exuberat.
595 3938 626 3994 et
653 3923 817 3998 rhetoricis
846 3924 1000 3996 coloribus
1027 3936 1098 3992 tan-

936 4056 966 4105 17
