3012 5040
446 686 513 756 tta
650 715 759 760 ‹isaunn
777 715 810 759 nn
830 716 919 760 curun
936 717 1084 762 urrsroua.

470 988 666 1059 EPISTOLA
691 991 802 1060 XVlll.
820 990 925 1062 -Au
949 993 1118 1062 Srrrnnnru
1143 1015 1270 1061 rarorum.

442 1186 636 1258 Suaolssr'mo
646 1189 779 1257 Domino
791 1202 819 1257 et
829 1190 1024 1258 serenissimo
1030 1190 1120 1286 patri
1128 1187 1295 1283 Stephano,

489 1319 549 1388 Dei
570 1320 676 1416 qratia
696 1317 865 1388 venerabili
885 1320 998 1414 priori,
1025 1319 1125 1414 frater
1152 1317 1297 1389 Oslertas

490 1447 526 1516 da
541 1447 651 1528 Claro,
671 1451 704 1516 in
719 1462 804 1518 terro
820 1449 926 1518 alienu
938 1452 1121 1546 perequnus
1136 1464 1164 1519 et
1181 1449 1294 1546 hospes,

489 1583 533 1651 sic
549 1583 737 1650 matutinum
754 1581 817 1650 Deo
834 1579 943 1676 offerre
959 1583 1157 1679 sacraficium,
1178 1597 1212 1652 ut
1228 1609 1295 1652 oee-

485 1715 644 1809 pertinam
660 1713 731 1809 sieri
747 1727 901 1784 narrentur
918 1714 1134 1784 holocaustum.

488 1930 639 2014 Quoniam
656 1930 785 2000 dulcedo
803 1931 930 2028 pietatis¹
942 1944 1003 2004 tuae
1020 1932 1227 2016 circumcirca,
1243 1959 1294 2030 pa-

440 2077 487 2134 ter
505 2062 778 2147 reverendissime,
794 2063 824 2133 in
838 2063 1033 2134 tribulatione
1047 2063 1154 2162 positis
1167 2064 1293 2134 miseri-

438 2193 573 2266 corditer
586 2208 635 2264 est
647 2193 811 2278 declarata,
827 2207 971 2292 tantaque
985 2195 1153 2266 sanctitatis
1165 2195 1293 2266 sormam

438 2325 540 2398 laudat
558 2339 590 2398 et
605 2339 771 2398 veneratur
791 2325 891 2396 omnis
910 2339 1009 2410 terra,
1030 2327 1067 2397 ad
1091 2339 1153 2398 tam
1175 2328 1293 2424 insigne

439 2459 566 2554 dignum
584 2457 655 2528 duxi
674 2456 704 2526 in
721 2456 810 2526 anxia
828 2456 1013 2527 necessitate
1032 2458 1196 2530 convolare
1217 2460 1308 2530 sub?

440 2591 560 2675 sidium,
584 2590 635 2661 uhi
653 2589 745 2682 bonae
767 2589 834 2687 spei
851 2590 979 2675 tructus,
1001 2591 1186 2690 nulliusque
1203 2591 1295 2663 hodie

438 2723 536 2796 deluit
571 2734 797 2818 argumentum.
843 2723 1012 2826 ‘Praeterea
1045 2723 1230 2796 familiaritas
1265 2737 1298 2795 et

440 2855 634 2929 conversatio
656 2855 703 2926 illa
725 2870 829 2927 mutua
847 2881 916 2954 quae
935 2881 985 2927 me
1004 2857 1075 2928 olim
1093 2857 1145 2928 tibi
1163 2857 1296 2928 brachiis

438 2989 609 3062 dilectionis
627 2988 778 3073 astrinxit,
799 2988 837 3059 ad
857 2989 1087 3087 provocandum
1107 2989 1136 3060 in
1152 2989 1294 3060 auxilium

438 3145 541 3191 meum
564 3118 829 3190 mansuetudinem
850 3133 944 3204 tuam,
967 3121 1114 3193 audacem
1139 3122 1209 3194 inde
1235 3122 1294 3194 hoc

436 3251 561 3347 negotio
574 3250 664 3320 nimis
679 3250 791 3322 effecit.
846 3252 880 3322 ln
898 3278 952 3324 ore
973 3255 1056 3325 enim
1074 3267 1138 3326 tuta
1155 3254 1295 3326 dilectis—

438 3384 504 3456 simi
533 3382 663 3454 senioris
688 3397 721 3454 et
745 3383 911 3456 dulcissimi
940 3387 1037 3483 patris
1061 3387 1184 3458 nemine
1213 3401 1293 3458 teste

435 3543 600 3617 pressuras
611 3542 697 3588 meas
706 3517 843 3603 effundo,
856 3518 996 3618 illiusque
1010 3521 1040 3591 in
1053 3521 1202 3616 angustiis
1214 3521 1293 3592 meis

435 3663 581 3748 quantum
595 3650 670 3722 libet
685 3651 831 3749 placuerit
844 3650 968 3748 indigeo
982 3654 1113 3724 relevari
1126 3655 1288 3726 beneficio.

434 3786 608 3856 lnveterata
625 3783 728 3856 cordis
745 3785 945 3858 amaritudine
967 3763 1171 3859 vehomenter
1191 3788 1291 3859 afflic-
1340 3801 1342 3804 ’

435 3930 501 4001 ωε,
532 3942 626 4011 cogor
649 3917 792 4015 poculum
820 3918 1012 3990 miseriarum
1042 3945 1181 3990 mearum
1207 3920 1291 3990 solus
