3050 5040
418 713 463 781 26
633 731 1059 778 urrsronnnnnnnrnnosrnon.

418 893 503 990 pueri
528 904 659 989 possunt
676 905 707 960 et
724 889 856 988 puellae?
906 890 997 958 Anna
1020 889 1109 982 virgo
1126 889 1275 956 Romanae

417 1023 612 1121 praelecturae
646 1021 832 1120 contempsit
866 1020 1014 1116 gloriam,
1048 1031 1080 1088 et
1115 1017 1193 1086 lacta
1227 1027 1276 1083 est

418 1181 531 1252 sponsa
559 1153 690 1238 Christi3
722 1152 765 1222 tui
792 1150 982 1222 contribules
1009 1163 1041 1220 et
1066 1147 1275 1246 compatriotae

417 1285 550 1382 primarii
561 1277 1273 1374 catervatimconvolantadhabitumreligioniS‚

419 1432 450 1486 et
477 1432 508 1486 tu
528 1416 677 1514 pristinae,h
690 1413 934 1486 conversationis
962 1412 1186 1484 obscenitatem
1205 1433 1276 1479 mr-

420 1548 590 1620 ditaveris?
649 1547 774 1617 Abeant
797 1569 920 1642 preces,
948 1545 1134 1615 conticescat
1157 1543 1277 1639 depre-

420 1679 508 1750 catio.
561 1679 653 1762 Audi,
679 1678 745 1751 fili:
773 1703 835 1748 non
857 1691 948 1774 potes
972 1675 1020 1746 hic
1046 1675 1180 1771 gaudere
1205 1700 1275 1745 cum

421 1813 545 1896 saeculo,
570 1825 601 1882 et
623 1825 731 1910 postea
753 1835 886 1906 regnare
903 1837 973 1881 cum
995 1809 1126 1881 Christo.
1180 1807 1277 1878 Suffi-

421 1944 539 2014 cienter
558 1944 646 2015 dives
669 1958 718 2014 est
741 1944 792 2042 qui
811 1970 880 2014 cum
897 1943 1037 2028 Christ0;
1060 1968 1178 2041 pauper
1196 1941 1277 2038 pulla

421 2076 521 2146 tunica
537 2091 568 2146 et
583 2076 697 2148 cibario
717 2101 797 2174 pane
818 2090 850 2146 et
870 2075 928 2146 acti
947 2074 1124 2146 assiduitate
1141 2072 1275 2153 claustri,

423 2208 621 2304 praesentiam
637 2209 695 2279 Dei
713 2221 745 2280 et
765 2207 955 2280 latitudinem
972 2205 1199 2306 promereberit
1216 2227 1279 2274 coe-

422 2339 532 2410 lorum.
585 2339 666 2412 Audi
690 2341 742 2412 ubi
760 2351 791 2411 et
807 2340 929 2438 quando
947 2355 978 2410 et
997 2366 1089 2437 quam
1106 2337 1172 2407 suis
1186 2360 1278 2406 asse-

423 2472 786 2573 clisChristuspromittat
795 2475 1031 2546 retributionem
1041 2502 1047 2543 :
1059 2475 1275 2568 Inregenera-

423 2605 518 2690 tione,
538 2607 645 2706 inquit,
668 2635 737 2678 cum
760 2607 882 2679 sedebit
899 2605 979 2678 filius
996 2605 1128 2676 bominis
1151 2604 1181 2674 in
1203 2602 1278 2673 sede

424 2739 592 2834 majestatis
611 2765 687 2824 suae,
710 2739 857 2810 sedebitis
875 2754 908 2809 ct
922 2765 980 2808 vos
1002 2762 1096 2835 super
1116 2735 1277 2808 duodecim

426 2869 533 2954 sedes,
560 2871 732 2967 judicantes
761 2871 924 2942 duodecim
960 2871 1057 2942 tribus
1081 2869 1192 2952 lsraeb
1221 2881 1276 2938 et:

426 3003 535 3074 Omnis
553 3003 779 3104 quipeliquerit
796 3003 933 3089 domum,
957 3003 1006 3074 vel
1029 3027 1132 3098 agros
1151 3001 1202 3072 vel
1224 3027 1281 3098 pa-

426 3147 518 3220 trem,
539 3136 589 3205 vel
603 3148 745 3218 matrem,
765 3135 816 3205 vel
836 3159 977 3217 uxorem,
994 3132 1043 3204 vel
1060 3132 1139 3204 filios
1156 3146 1283 3230 propter

429 3293 542 3340 nomen
560 3295 675 3354 meum,
693 3268 871 3367 centuplum
889 3267 1016 3365 accipiet
1032 3279 1064 3337 et
1081 3267 1174 3337 vitam
1187 3279 1283 3337 aeter-

429 3429 499 3472 nam
517 3402 696 3500 possidebit.
739 3401 816 3485 diis,
836 3401 942 3485 frater,
959 3399 1122 3470 absolvere
1140 3398 1280 3480 nexibus

431 3549 462 3604 et
479 3547 613 3631 arreptae
631 3533 818 3605 difficultatis
835 3534 923 3604 labor
940 3546 1023 3603 totus
1039 3531 1181 3602 conviluit
1194 3529 1280 3623 (sic).
