3012 5040
401 701 468 770 428
606 723 717 768 osorum
734 723 770 768 ns
788 722 878 767 curru
897 721 1042 767 rrrsroun.

449 882 495 950 Dc
506 893 633 962 caetero‚
653 877 797 975 quoniam
811 876 958 974 prolixior
975 902 1067 974 quam
1084 900 1258 973 proposue-

401 1038 467 1082 ram
483 1012 613 1109 epistola
626 1012 691 1107 jam
704 1007 831 1079 modum
846 1009 993 1092 excessit,
1008 1007 1046 1078 ad
1059 1007 1131 1078 illud
1148 1007 1256 1078 redeo.

402 1143 485 1242 quod
494 1144 525 1214 in
537 1142 685 1242 principio
695 1167 747 1212 res
760 1142 824 1239 ipsa
838 1141 940 1237 coegit
956 1169 961 1210 :
978 1140 1017 1211 de
1030 1140 1158 1211 amicitia
1169 1165 1261 1210 exor-

403 1275 487 1344 dium
500 1274 616 1370 accepi‚
635 1273 665 1342 in
683 1270 851 1342 amicitiam
862 1271 1031 1342 terminare
1047 1271 1194 1368 disposui.
1252 1329 1257 1339 .

452 1541 529 1610 Cum
550 1537 676 1608 domino
697 1539 834 1632 Rogero,
859 1535 954 1606 altera
972 1535 1070 1604 anima
1088 1559 1169 1617 mea,
1190 1535 1264 1632 epi-

406 1672 514 1743 stolam
533 1672 632 1768 ipsam
648 1669 850 1741 communica.

500 1886 703 1957 EPISTOLA
724 1888 778 1955 Xl.
796 1931 842 1938 -—
857 1887 905 1956 Aa
910 1944 1164 1954 .....

458 2069 510 2139 Sol
531 2070 571 2140 ab
587 2068 661 2138 Eois
677 2067 817 2166 partibus
834 2093 963 2140 corusca
983 2068 1097 2138 virtute
1119 2069 1269 2166 resplen—

409 2200 500 2284 denS,
528 2214 561 2270 et
585 2199 718 2271 nebulas
743 2199 888 2270 circuitus
910 2201 1027 2270 erroris
1053 2201 1150 2270 nostri
1174 2201 1270 2272 radiis

411 2356 475 2403 suae
498 2329 643 2402 claritatis
666 2329 870 2428 perfundens⁷
890 2330 1004 2401 Oceani
1029 2329 1127 2401 undas
1148 2331 1270 2402 sulcare

411 2462 545 2560 disponit
560 2475 592 2533 et
607 2487 779 2533 aerumnam
799 2475 938 2532 nostram
955 2461 1074 2557 integra
1092 2462 1270 2560 relinquero

410 2597 540 2693 caligine
560 2596 741 2667 desolatam.
794 2595 848 2665 llle
867 2593 1040 2666 honestatis
1059 2596 1219 2694 exemplar
1239 2613 1273 2668 et

412 2729 505 2800 totius
518 2727 625 2824 gratiae
639 2727 811 2825 speculum,
828 2727 926 2798 forma
939 2727 1011 2798 fidei
1029 2742 1062 2798 et
1078 2741 1194 2799 sanctae
1211 2754 1272 2799 re—

412 2860 534 2958 ligionis
551 2859 826 2931 inexterminabilis
842 2859 1011 2958 disciplina,
1031 2861 1080 2931 vir
1093 2861 1274 2933 desiderio—

414 3018 482 3064 rum
506 3017 648 3064 meorum
672 3004 704 3062 et
728 2991 826 3087 gloria
853 3017 934 3077 mea,
963 2991 1083 3064 deliciae
1107 3019 1216 3090 regum
1241 3009 1275 3066 et

415 3123 511 3220 gratia
534 3123 717 3222 principum,
742 3137 832 3221 pater
850 3149 1022 3222 pauperum
1042 3138 1074 3195 et
1098 3139 1199 3197 mater
1217 3153 1275 3198 or-

415 3256 598 3355 phanorum,
618 3256 669 3354 qui
686 3281 812 3355 semper
825 3256 922 3328 decus
939 3257 970 3328 in
983 3258 1069 3329 clero
1086 3272 1118 3330 et
1135 3285 1276 3331 amorem

415 3385 645 3459 indeficientem
665 3387 797 3458 obtinuit
817 3388 848 3458 in
869 3389 993 3486 populo,
1017 3415 1112 3487 quem
1129 3391 1277 3489 Orpbeus

417 3520 442 3591 si
463 3519 602 3604 vidisset,
624 3519 737 3592 fidibus
757 3533 790 3591 et
811 3521 927 3620 Sibylla
953 3522 1099 3593 versibus
1119 3526 1278 3621 prosecuti

418 3650 563 3722 essentia
573 3664 723 3736 nostram,
737 3651 928 3749 prohdolor!
942 3651 1083 3749 injuriam
1093 3653 1192 3725 subita
1204 3681 1280 3752 per-

418 3781 585 3854 mutatione
603 3782 741 3881 eripitur,
761 3797 793 3854 et
808 3783 990 3880 alienigeuae
1008 3783 1090 3881 plebi
1106 3811 1185 3856 nova
1199 3811 1281 3882 gau—

419 3913 468 3985 dia
488 3912 698 3983 cumulaturus
723 3913 871 3984 abscedit.
925 3917 992 3984 Hoc
1018 3915 1129 3986 clamat
1153 3918 1279 4014 vulgus,
