3012 5040
422 749 533 794 osnsnrr
551 749 585 794 nn
604 749 695 794 cram
713 747 861 794 rrrsrorn.
1004 726 1072 796 tet

212 908 308 980 labris
330 923 479 1007 ageretur
496 909 575 982 illius
598 909 658 980 diei
679 909 842 994 festivitas,
866 907 990 1008 quidam
1003 919 1074 1005 post

213 1039 327 1112 Sathan
350 1043 514 1124 abeuntes,
539 1040 685 1112 dixerunt
702 1065 773 1111 esse
798 1039 970 1123 ridiculum,
992 1037 1094 1142 quod¹

213 1198 311 1270 usque
336 1173 375 1245 ad
397 1172 466 1246 haec
489 1187 631 1272 tempora
657 1174 800 1246 omnibus
823 1174 931 1246 luisset
954 1172 1076 1244 saeoulis

213 1305 391 1388 inauditum,
419 1307 499 1378 etin
517 1307 615 1378 livore
635 1333 671 1378 ae
688 1305 760 1377 lelle
780 1331 845 1378 suae
864 1305 986 1376 malitiae
1005 1329 1077 1402 per-

213 1439 372 1520 durantes,
393 1438 472 1511 duos
485 1440 660 1537 episcopos
676 1439 727 1536 qui
740 1452 813 1511 tunc
826 1438 857 1508 in
869 1437 981 1510 vicinio
995 1437 1076 1508 sorte

214 1570 353 1656 aderant,
366 1573 526 1667 Rogemm
537 1571 681 1642 videlicet
696 1581 727 1642 et
735 1569 941 1654 Bernardum
957 1569 1077 1641 adeun-

213 1715 263 1772 tes
276 1717 501 1785 convenerunt,
514 1703 602 1774 aede
615 1704 751 1774 novitate
766 1702 956 1773 solennitatis
970 1713 1077 1773 exorta

213 1832 292 1902 sacta
318 1833 484 1918 relatione,
513 1833 631 1904 animos
651 1858 761 1902 eorum
781 1832 820 1904 ad
837 1831 1077 1929 indignationem

213 1977 480 2063 provocaverunt,
514 1964 566 2063 qui
595 1964 674 2036 hane
703 1964 902 2035 festivitatem
933 1963 1077 2062 prohibi-

213 2109 277 2166 tam
294 2095 446 2180 dicentes,
467 2095 497 2166 in
514 2095 642 2167 concilio
660 2095 894 2168 affirmaverunt
908 2095 991 2193 quod
1005 2121 1078 2168 eas-

213 2228 309 2300 sanda
339 2241 509 2299 essetnec
535 2227 670 2299 tenenda
697 2228 754 2300 ista
781 2227 921 2313 traditi03
947 2255 1005 2298 nos
1028 2242 1078 2298 ta-

214 2385 299 2444 men,
323 2372 426 2457 coepto
452 2361 510 2431 Dei
534 2361 715 2432 insistentes
737 2359 838 2430 officio
860 2385 930 2431 cum
954 2358 1074 2455 gaudio,

212 2492 378 2588 gloriosam
395 2492 591 2564 festivitatem
610 2493 771 2588 exegimus
788 2508 820 2562 et
843 2491 961 2562 solenni
978 2489 1078 2587 tripu-

212 2624 274 2694 dio.
328 2626 492 2696 Postremo
517 2651 593 2696 veru
618 2625 723 2697 aemuli
749 2623 809 2694 mei
836 2636 868 2694 et
893 2623 944 2721 qui
969 2623 1078 2695 canino

213 2754 310 2826 dente
333 2757 413 2828 bona
436 2757 610 2828 invidentes
632 2757 764 2828 erodunt
787 2755 932 2839 aliorum,
952 2755 1002 2853 qui
1021 2783 1079 2827 va-

213 2913 270 2956 nas
294 2913 366 2958 suas
387 2888 517 2985 ineptias
542 2913 669 2986 semper
690 2889 830 2960 nituntur
852 2889 1025 2986 approbare
1047 2901 1078 2958 et

212 3016 294 3088 dicta
312 3031 343 3088 et
364 3018 441 3089 laeta
460 3019 677 3114 religiosorum
700 3019 868 3090 moliuntur
885 3017 1075 3115 improbare.

213 3150 404 3235 nescientes
423 3151 596 3223 seeundum
614 3152 811 3250 Apostolum,
827 3175 929 3247 neque
945 3177 1016 3249 quae
1026 3152 1078 3221 lo-

211 3296 349 3380 quuntur
374 3308 476 3381 neque
506 3283 546 3354 de
576 3284 689 3382 quibus
717 3283 881 3368 affirmant,
911 3309 1078 3356 evomuere

210 3439 370 3486 venenum
387 3415 553 3514 iniquitatis
570 3441 647 3501 suae,
666 3429 698 3487 et
716 3417 746 3486 in
760 3442 810 3487 me
824 3416 951 3511 sagittas
965 3416 1078 3512 linguae

210 3544 369 3642 pestilerae
387 3547 570 3643 jaculantes,
591 3561 811 3620 asseverarunt
829 3547 998 3618 tenendam
1016 3573 1078 3618 non

211 3701 284 3746 esse
302 3677 501 3750 festivitatem
508 3738 1073 3747 ..........

259 3942 300 4010 Et
316 3941 385 4038 quia
409 3940 551 4014 dominus
565 3955 597 4012 et
611 3955 819 4040 paternoster
833 3942 1003 4025 GilbertuS,
1020 3941 1076 4010 Dei
