3012 5040
416 719 461 784 96
625 741 1053 788 nrrsrocnnnnnunrrnosrnon.

414 910 496 968 tuam
510 897 662 996 deprecor
679 900 841 981 cautelam,
857 913 889 969 ut
908 913 969 971 tuae
986 898 1126 996 puritatis
1145 910 1176 966 at
1194 897 1273 966 sinr-

415 1029 554 1127 plicitatis
577 1030 740 1102 thesauros
764 1031 921 1102 custodias
945 1058 961 1100 a
987 1031 1151 1128 rapacitate
1178 1054 1271 1099 arro-

414 1164 537 1259 gantiae,
551 1164 684 1250 invidie,
701 1163 878 1248 iracundiae‚
894 1163 1036 1247 tristitiae,
1051 1187 1140 1234 vanae
1152 1160 1269 1258 gloriae3

414 1297 558 1394 quoniam
580 1303 695 1395 quanto
721 1297 769 1368 isti
791 1296 901 1368 inimici
927 1321 967 1367 er
990 1295 1111 1367 inlcrno
1135 1292 1271 1364 inferiori

415 1429 597 1526 procedunt,
612 1443 697 1502 tanto
711 1430 765 1501 tibi
783 1443 815 1501 ct
832 1429 897 1501 aliis
910 1429 1030 1525 magnis
1047 1424 1272 1526 praeliatoribus

415 1551 552 1632 coelcstis
570 1563 684 1634 militiae
702 1561 859 1634 metuendi
879 1576 961 1633 sunt.
1013 1561 1134 1631 Omnes
1146 1555 1270 1656 quidem

414 1691 572 1765 metuendi
590 1707 662 1764 sunt
679 1693 798 1778 hostes,
823 1693 879 1764 sed
893 1693 912 1764 ii
930 1692 1062 1764 maxime
1079 1690 1131 1788 qui
1148 1715 1186 1760 ex
1204 1689 1272 1760 cel-

371 1848 374 1856 ’
414 1825 545 1897 situdine
569 1827 717 1898 virtutum
735 1839 767 1897 et
786 1851 825 1897 ex
842 1825 937 1922 gloria
955 1823 1178 1923 triumphorum
1199 1820 1272 1892 oriri

414 1958 524 2030 solent.
577 1945 667 2030 Plura
679 1959 827 2044 dicerem,
844 1959 900 2030 scd
916 1959 1094 2030 membrana
1110 1954 1224 2038 deficit,
1240 1967 1272 2025 et

415 2091 492 2160 meis
509 2090 706 2162 invitantibus
722 2092 933 2190 complicibus,
954 2089 1087 2161 officinae
1105 2085 1271 2159 carnalium

414 2221 610 2317 negotiorum
630 2222 718 2294 reddi
742 2249 848 2319 cogor.
902 2225 943 2293 Et
965 2221 1021 2293 alia
1043 2247 1135 2291 manu
1158 2219 1271 2315 jacenti

415 2355 558 2433 obsecro,
574 2355 645 2427 mihi
661 2357 814 2456 peccatori
828 2369 949 2428 tuarum
962 2354 1133 2426 orationum
1146 2352 1271 2452 porrige

417 2515 536 2560 manus

440 2725 641 2796 EPISTOLA
664 2727 757 2796 LVll.
774 2768 822 2777 —
839 2725 886 2795 An
909 2749 1030 2795 rnnrnus
1050 2725 1248 2795 Nonwrcrnsrs

771 2882 918 2928 uectustn.

416 3059 583 3130 Hunnnnrus
594 3060 624 3129 N
626 3084 795 3131 onwrcunsrs
811 3082 1120 3143 cautissicimus
1134 3082 1269 3129 sniurnu.

465 3275 535 3347 Mea
552 3274 607 3346 luit
624 3274 773 3348 hactenus
790 3275 994 3361 consuetudo,
1009 3289 1043 3348 ut
1059 3276 1180 3348 avobis
1196 3301 1273 3348 cor-

417 3430 493 3505 pore
514 3405 633 3491 abiens
653 3406 754 3478 animo
775 3421 807 3478 et
828 3407 934 3479 verbis
953 3408 1112 3480 vobiscum
1128 3433 1274 3480 remane-

417 3563 503 3623 rem,
532 3563 591 3610 neo
617 3553 747 3638 possent
771 3539 864 3611 dividi
886 3539 1088 3612 alternatione
1116 3540 1271 3627 locorum,

417 3696 550 3768 quorum
586 3683 652 3741 erat
679 3696 734 3741 cor
762 3697 858 3742 unum
887 3683 919 3740 et
948 3671 1049 3742 anima
1081 3698 1150 3742 una.
1210 3672 1274 3743 Sed

417 3813 450 3870 ut
471 3800 569 3871 malus
594 3800 766 3873 abolendus
789 3815 838 3872 est
861 3828 954 3885 usus,
982 3803 1023 3872 ita
1046 3816 1078 3873 et
1101 3804 1182 3875 bona
1203 3828 1278 3873 con-

419 3933 550 4004 suetudo
577 3934 789 4005 conservanda
814 3949 872 4004 cst.
927 3935 1036 4006 Scribo
1062 3937 1163 4033 itaque
1188 3937 1280 4006 vobis
