3038 5036
427 707 495 774 lto
631 729 743 774 osuuan
760 729 795 774 uu
813 729 901 773 cinna
920 728 1065 772 urrsroun.

423 887 551 956 neribus
569 899 599 956 rt
625 885 797 983 promissis,
818 885 978 978 eleganter
1000 884 1162 954 convenio.
1216 882 1285 952 hc—

424 1019 492 1116 cipe
515 1005 632 1116 itaque,
664 1018 874 1100 dilectissime,
901 1017 983 1115 quod
1009 1031 1094 1088 tuum
1123 1030 1182 1098 est,
1211 1041 1284 1085 curn

426 1151 583 1248 multiplici
606 1151 772 1246 gratiarum
794 1150 932 1232 actione,
952 1150 1078 1247 quippe,
1097 1149 1166 1246 quia
1184 1161 1286 1217 meet

427 1282 586 1353 immensis
609 1282 804 1366 honoratum,
826 1282 887 1352 imo
904 1295 1077 1364 oneratum,
1101 1279 1139 1351 ad
1160 1279 1285 1377 propria

427 1415 571 1485 remisisti
591 1413 737 1497 donariis,
754 1426 786 1484 et
802 1411 882 1510 apud
900 1427 930 1483 te
949 1413 1110 1484 detentum
1123 1411 1285 1508 utriusque

427 1547 499 1618 vitae
517 1547 634 1618 deliciis
652 1545 778 1618 uberius
797 1545 913 1616 satiasti
963 1602 1282 1613 ......

501 1781 702 1852 EPlSTOLA
720 1781 834 1850 XXVI.
846 1778 947 1849 -hu
952 1837 1206 1847 .....

476 1946 623 2042 Copiosas
641 1959 712 2017 tuae,
733 1956 833 2041 pater,
849 1943 1042 2014 excellentiae
1056 1931 1160 2038 grates
1178 1943 1287 2013 releri-

427 2100 506 2160 mus,
527 2075 608 2172 quod
626 2101 781 2148 aerumnas
795 2088 919 2146 nostras
933 2075 1049 2173 pariter
1069 2087 1100 2144 et
1119 2073 1233 2146 sedasti
1254 2089 1287 2144 et

428 2206 623 2277 consolidasti
647 2206 797 2277 delectus.
851 2207 886 2274 ln
908 2205 998 2275 exilio
1023 2205 1105 2275 enim
1129 2231 1191 2303 quo
1209 2232 1289 2276 ver—

429 2367 543 2421 samur,
570 2340 714 2411 nebulam
734 2338 914 2409 calamitatis
935 2351 967 2408 et
988 2320 1120 2410 sortunae
1140 2337 1289 2408 claritatis

428 2485 489 2543 tuae
505 2470 598 2542 radiis
615 2470 771 2541 illustrasti
777 2527 1283 2539 .........

428 2608 497 2701 Ego
514 2605 606 2700 igitur
621 2631 638 2674 a
655 2617 780 2673 senatus
798 2603 857 2674 mei
875 2604 1014 2686 concilio,
1035 2617 1180 2700 tanquam
1195 2631 1212 2673 a
1228 2629 1288 2673 na—

429 2737 498 2808 talis
524 2736 579 2807 soli
607 2735 781 2818 dulcedine,
810 2735 840 2804 in
861 2733 980 2832 paludis
1002 2735 1136 2833 antiquae
1158 2735 1287 2806 barbara

429 2867 666 2950 cohabitatione,
686 2891 778 2936 unam
798 2864 869 2934 mihi
887 2865 1130 2936 consolationem
1144 2879 1175 2936 et
1192 2865 1288 2936 solam

430 3013 562 3071 matrem
588 2996 811 3096 philosophiam
837 2995 959 3068 adhibui
964 3055 1284 3066 ......

430 3130 639 3202 lnestimabile
655 3129 738 3200 enim
752 3129 867 3198 bonum
881 3145 940 3210 est,
954 3141 988 3200 ut
1001 3129 1041 3199 ait
1053 3132 1184 3210 Seneca,
1199 3156 1287 3200 suurn

431 3263 509 3334 heri.
562 3265 603 3333 Et
619 3262 689 3360 quia
705 3261 756 3332 tali
775 3260 898 3332 deditus
918 3261 990 3345 otiu,
1013 3262 1096 3332 curis
1112 3288 1192 3361 pene
1208 3262 1291 3334 libe-

432 3421 500 3472 rum
519 3407 551 3465 et
569 3407 772 3466 exoneratum
794 3406 904 3491 pectus
922 3419 1033 3488 gerere
1051 3418 1287 3465 consueveram.

430 3529 540 3599 beatus
557 3552 653 3598 eram.
707 3525 866 3620 Sententia
881 3540 930 3597 est
944 3523 1083 3624 praedicti
1095 3525 1152 3597 viri
1166 3552 1172 3593 :
1184 3524 1289 3596 Otium

432 3658 499 3728 sine
517 3658 628 3730 litteris
648 3683 733 3728 mors
756 3671 806 3728 est
828 3671 859 3728 et
879 3656 940 3728 vivi
962 3657 1095 3728 hominis
1121 3656 1288 3754 sepultura.

432 3795 521 3862 Nunc
543 3792 645 3888 itaque
671 3793 783 3890 quibus
806 3791 933 3890 privatis
958 3803 1125 3888 occupatus
1145 3789 1289 3886 negotiis.

432 3924 547 3995 intimae
565 3925 676 4021 quietis
688 3924 853 3994 amissione
871 3923 1032 4007 destituor,
1055 3936 1084 3992 et
1103 3949 1215 3993 novam
1232 3923 1293 3994 de-
