3012 5040
453 722 521 792 itt
659 750 769 794 osrrnn
787 750 821 796 nr
840 749 929 795 erana
948 750 1093 796 nnsrorn.

449 905 552 974 elesiae
564 919 692 988 nostrae,
707 919 769 975 tuae
786 930 954 1000 aggressus
972 931 1040 975 sum
1059 906 1210 1002 majestati
1223 906 1308 976 sori-

447 1037 537 1120 bere,
549 1049 580 1106 et
593 1037 666 1106 tanti
685 1037 780 1134 patris
792 1035 965 1106 authentica
979 1037 1113 1108 subsidia
1132 1037 1312 1135 postulare

449 1171 496 1238 Ex
522 1168 655 1239 diversis
678 1194 811 1266 namque
835 1169 894 1240 hoe
922 1195 1000 1266 opus
1025 1170 1151 1241 fratrum
1177 1169 1307 1266 imperio

448 1299 610 1372 colteotom
627 1311 676 1371 est
692 1300 858 1384 schedulis,
879 1327 956 1398 quas
973 1302 1069 1371 saneti
1086 1315 1190 1398 patres
1208 1299 1306 1370 nostri

448 1432 539 1502 nobis
553 1432 743 1530 reliquerunt
756 1432 898 1530 scriptor,
913 1433 964 1530 qui
978 1459 1031 1503 eas
1044 1432 1187 1504 viderunt
1200 1445 1232 1502 et
1244 1459 1306 1502 au-

447 1563 581 1646 dierunt,
603 1564 682 1635 sicut
699 1564 873 1648 referimus
893 1577 1097 1663 perpetratas.
1149 1566 1224 1634 Tuae
1241 1563 1304 1634 ita-

448 1720 508 1791 que
526 1693 696 1764 eelsitudini
709 1719 823 1764 novum
840 1695 925 1790 regis
942 1721 1019 1792 opus
1036 1694 1217 1765 sacrandum
1228 1693 1306 1762 diri·
1342 1769 1346 1785 ι

449 1827 540 1921 gitur,
553 1825 633 1923 quia,
647 1825 815 1922 inspirante
824 1825 930 1923 spiritu
943 1826 1092 1910 veritatis,
1106 1826 1149 1896 sio
1160 1839 1303 1895 retexere

446 1957 584 2028 ordimur
595 1957 765 2041 historiam,
784 1982 825 2026 ne
840 1982 929 2030 mens
943 1957 1079 2032 officiosa
1096 1957 1221 2027 lectoris
1234 1982 1303 2026 earn

448 2090 559 2160 sentiat
575 2089 752 2187 impolitam.

471 2357 672 2428 EPISTOLA
688 2359 741 2427 111.
752 2357 861 2436 -Ao,
873 2359 1025 2428 Horonon
1041 2359 1275 2428 Wrrronnnsnn.

446 2556 571 2630 Sancta
589 2558 738 2627 Romano
748 2570 776 2626 et
788 2555 962 2652 apostolieae
976 2553 1067 2635 sedis,
1083 2580 1203 2625 sommo
1217 2555 1302 2624 Poo-

495 2689 572 2787 tifiee
591 2690 766 2759 Ioooeentio
781 2686 980 2784 praesidente,
1004 2685 1175 2756 venerabili
1197 2685 1300 2784 leqoto,

493 2824 688 2894 serenissimo
708 2823 841 2892 Domino
862 2835 889 2890 et
905 2822 1088 2891 suavissimo
1100 2822 1200 2917 petri,
1216 2821 1302 2890 Heo-

495 2959 558 3026 rieo
582 2957 644 3026 Da·
665 2956 771 3053 qratia
801 2953 1025 3024 Wintoniensis
1048 2952 1135 3023 orbis
1158 2954 1301 3050 episeopo,

493 3090 665 3160 sanctitat-is
684 3089 752 3184 ejus
767 3101 796 3156 et
812 3088 924 3184 qratioe
944 3111 1059 3166 serena,
1077 3084 1176 3182 freter
1195 3083 1302 3156 Oster-

493 3235 543 3291 tus
554 3220 591 3291 de
606 3220 717 3299 Claro,
733 3219 998 3290 Westmooostert'i
1005 3219 1203 3317 prepositus,
1218 3215 1303 3285 debi-

495 3367 560 3424 tem
592 3366 676 3423 tanto
708 3351 809 3449 reqali
843 3349 1011 3421 sacerdotio
1044 3351 1246 3420 reverentiam
1276 3360 1303 3416 et

493 3487 673 3584 eononieam
692 3483 860 3556 seeundum
876 3482 994 3554 decreto
1007 3483 1141 3552 Petrum
1162 3479 1301 3551 obedien-

494 3621 581 3690 tiam.

494 3821 649 3913 Ingenuus
663 3817 788 3913 sanguis
799 3829 831 3887 et
843 3816 945 3886 innata
958 3813 1100 3885 nobilitas
1113 3812 1189 3910 regii
1203 3838 1302 3910 gene-

444 3951 487 4021 ris
500 3949 637 4047 egregiae
651 3949 820 4046 majestatis
834 3960 960 4030 vestrae,
980 3958 1068 4043 pater
1082 3947 1217 4030 excelse,
1234 3972 1302 4015 rna-
