3050 5040
445 718 581 764 nrrsroun
598 721 714 766 uusnnrr
729 723 862 768 cosmon.
1039 698 1082 770 Λ17
1134 701 1137 706 ’

222 898 355 972 meoque
376 876 533 949 sufficiens
549 878 720 963 desiderio,
734 882 790 952 sed
804 908 842 953 eo
856 883 994 980 ampliori
1009 909 1084 978 gra-

223 1021 263 1076 tra
284 1021 316 1077 et
331 1008 469 1080 alacriori
488 1013 678 1107 jucunditate
698 1015 913 1098 exhibebatur,
934 1015 1016 1113 quod
1034 1015 1085 1084 in-

224 1151 274 1206 ter
289 1138 436 1210 militares
448 1143 596 1214 tumultus
613 1159 645 1214 et
662 1146 789 1216 bellicos
802 1161 976 1245 apparatus
992 1160 1084 1245 atque

224 1270 305 1340 inter
318 1273 477 1368 Regalium
491 1276 687 1370 negotiorum
700 1303 791 1348 curas
808 1291 839 1348 et
852 1278 1081 1362 sollicitudines,

226 1415 331 1473 vestra
347 1403 503 1476 Celsitudo
521 1431 600 1478 meae
618 1407 777 1504 parvitatis
793 1409 852 1479 alio
869 1409 899 1479 in
916 1409 993 1479 orbe
1013 1435 1085 1480 me-

226 1549 342 1607 morata
363 1538 464 1609 luerit.
518 1541 596 1611 Huic
613 1541 705 1636 igitur
723 1541 796 1638 quid
816 1541 986 1612 retribuam
1011 1568 1085 1637 gra-

226 1667 297 1738 tiae?
346 1671 415 1766 Ego
435 1685 552 1756 vester,
569 1685 600 1742 et
617 1673 719 1742 omnia
740 1697 809 1744 mea
827 1686 933 1744 vestra
951 1687 1033 1756 sunt,
1054 1689 1086 1742 et

227 1802 316 1872 vobis
343 1802 383 1874 dc
412 1805 526 1875 vestris
546 1806 691 1877 continuo
721 1806 937 1889 serviendum,
967 1807 1085 1878 etiamsi

227 1935 297 2005 novi
323 1937 460 2007 muneris
484 1938 564 2008 nulla
589 1938 740 2010 arrideret
761 1939 976 2022 accumulati0;
1004 1939 1086 2009 unde

227 2094 303 2163 ergo
315 2068 386 2139 mihi
402 2070 498 2141 aliena
517 2071 608 2142 tantis
623 2071 782 2143 beneficiis
795 2097 983 2169 responsura
998 2073 1086 2169 plane

227 2201 323 2285 nulla‚
346 2202 446 2272 omnia
464 2203 576 2301 quippe
595 2229 664 2274 mea
682 2217 787 2275 vestra
805 2230 843 2274 ex
867 2204 962 2300 gratia
980 2204 1087 2275 collata

228 2346 299 2402 sunt
319 2347 351 2403 et
367 2348 472 2404 vestra
491 2335 618 2406 tuitione
639 2349 872 2406 conservantur.
926 2335 1018 2420 Quod
1035 2337 1088 2432 igi-

228 2481 277 2538 tur
301 2468 395 2538 rebus
416 2467 521 2552 deest,
547 2482 618 2540 vota
642 2469 804 2568 suppleant
827 2482 859 2540 et
881 2470 964 2567 jugis
992 2471 1088 2540 oratio

228 2613 424 2697 representet
438 2600 521 2698 quod
535 2601 712 2672 facultatum
734 2601 963 2699 impossibilitas
982 2616 1085 2697 negat:

227 2747 299 2804 ante
316 2734 407 2830 igitur
424 2733 567 2805 dominici
589 2734 729 2831 corporis
753 2747 784 2805 et
808 2734 965 2830 sanguinis
983 2735 1089 2832 quoti-

227 2865 351 2936 dianum
364 2879 590 2937 sacramentum
600 2865 778 2964 lachrymis,
791 2866 963 2937 interminis
976 2865 1090 2963 depre-

226 2997 397 3068 cationibus
414 2997 511 3068 nostri
530 2997 748 3095 Redemptoris
762 3012 793 3068 et
808 2999 977 3070 Salvatoris
994 3025 1090 3070 exoro

226 3129 440 3213 clementiam,
465 3142 498 3200 ut
521 3129 572 3227 qui
594 3143 735 3201 vestrum
754 3131 785 3201 in
809 3157 864 3201 cor
884 3132 945 3202 mei
966 3132 1090 3203 immisit

228 3261 484 3343 recordationem,
508 3261 591 3333 idem
612 3263 702 3334 vobis
729 3262 853 3358 dignam
874 3277 991 3335 vestrae
1018 3264 1091 3334 mihi

227 3394 347 3466 collatae
367 3395 474 3491 gratiae
496 3395 637 3467 restituat
662 3397 908 3466 retributionem.
960 3399 1002 3468 Et
1023 3399 1090 3468 Rex

228 3531 351 3624 Regum
375 3529 425 3626 qui
449 3530 488 3600 ab
511 3529 687 3601 hominibus
709 3543 837 3629 propter
858 3529 1011 3613 homines,
1038 3557 1091 3601 ar-

227 3660 327 3731 chano
340 3660 482 3732 humanae
491 3662 715 3760 redemptionis
728 3663 866 3746 consilio,
876 3661 1019 3733 ineffabili
1034 3689 1092 3760 pa—

229 3792 336 3863 tientia
360 3793 455 3890 spinis
479 3796 621 3866 coronari
645 3797 753 3881 voluit,
778 3796 888 3868 iisdem
914 3796 995 3865 inter
1019 3822 1092 3866 suos

227 3925 460 3996 Constantinus.
480 3926 684 4012 Theodosios
704 3927 868 3998 Gratianos
884 3926 1000 3997 aliosve
1018 3952 1092 3997 sane

920 4062 994 4127 (ὅ
