3012 5040
425 685 470 752 66
644 703 1075 750 nrrsrornnmmnrrnosrnon.

423 861 581 932 circenses
602 861 820 945 crudelitates,
845 859 900 932 sed
923 860 1026 956 legem
1051 859 1109 930 Dei
1133 871 1166 930 et
1187 860 1286 930 verba

426 993 522 1065 saneti
535 993 707 1090 Evangelii.
761 995 921 1066 Habemus
938 1007 969 1064 et
987 1019 1044 1064 nos
1060 1005 1204 1065 auctores
1213 1019 1288 1063 nos-

426 1140 484 1198 trae
504 1128 654 1212 veritatis
680 1126 794 1199 vestris
816 1126 993 1198 auctoribus
1015 1125 1287 1197 tantoexeellen-

425 1257 521 1327 tiores
546 1247 660 1355 quanto
687 1256 782 1328 solius
806 1255 863 1326 Dei
889 1255 1086 1332 inveniuntur
1116 1269 1282 1326 amatores.

407 1385 409 1389 ’
425 1389 554 1487 Moyses
571 1387 620 1458 ille
639 1387 766 1460 niliacas
784 1387 882 1471 fetus,
903 1386 950 1458 eui
967 1386 997 1456 in
1015 1385 1094 1458 rubo
1112 1389 1198 1456 Deus
1213 1387 1287 1486 pri-

426 1545 510 1590 mum
531 1517 682 1616 apparuit,
706 1517 807 1615 etqui
829 1516 1036 1616 Egyptiorum
1060 1515 1287 1589 indurationem

425 1649 530 1722 decies
551 1650 716 1746 flagellavit
735 1650 851 1749 plagis,
878 1648 956 1720 adeo
977 1647 1174 1745 magnificus,
1197 1663 1232 1721 ut
1252 1663 1287 1722 et

425 1807 534 1854 currus
554 1781 721 1854 Pharaonis
741 1795 773 1852 et
792 1781 963 1852 exereitum
981 1782 1047 1878 ejus
1064 1781 1095 1852 in
1110 1807 1196 1852 mare
1218 1784 1288 1854 Ru-

425 1915 516 1986 brum
535 1915 764 2011 submergeret,
785 1928 816 1986 et
835 1915 981 2014 populum
997 1905 1082 1986 Deus
1094 1914 1287 1986 incolumem

426 2047 515 2118 siccis
537 2047 677 2142 vestigiis
695 2071 752 2145 per
768 2046 855 2118 idem
876 2073 962 2118 mare
987 2047 1152 2132 educeret3
1174 2073 1286 2118 manna

427 2178 551 2276 quidam
576 2179 606 2250 in
630 2178 757 2250 deserto
777 2179 924 2278 populum
945 2179 1002 2250 Dei
1026 2179 1120 2278 pavit,
1144 2179 1288 2250 taberna-

426 2311 529 2383 culum
574 2310 691 2396 erexit,
731 2310 835 2407 legem
872 2309 1095 2408 promulgavit;
1134 2309 1287 2406 originem

428 2442 532 2515 mundi
550 2469 649 2542 usque
670 2443 709 2516 ad
726 2444 927 2543 repromissae
948 2442 1139 2515 haereditatis
1161 2444 1289 2540 ingres-

428 2603 496 2648 sum
520 2577 677 2676 exposuit;
701 2577 792 2648 nullis
814 2576 934 2649 divinas
961 2575 1131 2648 sententias
1156 2574 1288 2674 pedibus

427 2709 543 2806 ligavit,
557 2708 613 2779 sed
625 2705 837 2807 propheticam
851 2707 1058 2778 narrationem
1069 2707 1208 2804 prosaica
1219 2733 1289 2777 ora-

428 2843 511 2914 tione
533 2855 716 2940 persecutus
734 2809 792 2913 esti
846 2841 897 2911 Sic
914 2840 1009 2911 isaias
1030 2852 1061 2910 et
1083 2839 1189 2910 eaeteri
1206 2865 1288 2937 pro-

429 2975 533 3074 phetae
546 2975 697 3059 secarunt,
711 2973 763 3072 qui
780 2999 842 3044 non
859 2973 890 3043 in
904 2973 1055 3070 opacitate
1072 2972 1213 3044 soliorum
1229 2971 1289 3042 sed

429 3109 459 3178 in
486 3103 636 3201 gravitate
668 3103 891 3176 sententiarum
917 3103 1070 3174 immorati
1097 3116 1179 3173 sunt.
1237 3101 1289 3174 Sic

429 3238 639 3335 Evangelistae
649 3251 681 3308 et
691 3235 844 3336 Apostoli,
859 3235 1015 3307 velutmel
1032 3234 1062 3305 in
1075 3233 1190 3330 fragilis
1201 3241 1290 3305 'cerm

429 3373 515 3456 sano,
542 3370 639 3443 Verbi
670 3369 817 3441 incarnati
849 3367 1045 3440 dulcedinem
1073 3365 1189 3438 mundo
1218 3392 1290 3464 pro

430 3505 625 3604 pinaverunt‚
644 3530 707 3574 non
721 3501 867 3573 orationis
885 3501 1036 3600 leporem,
1057 3499 1114 3600 seri
1133 3499 1209 3570 tanti
1225 3497 1288 3569 rni-

413 3621 525 3708 ¹raouli
544 3633 743 3708 attendentes
763 3634 936 3706 veritatem.
995 3631 1166 3706 Modernos
1186 3629 1292 3701 videte

430 3781 553 3867 patreS,
586 3766 793 3850 Jeronimum,
819 3764 1044 3860 Augustinum,
1071 3761 1290 3846 Ambrosium,

431 3899 628 3995 Gregorium,
639 3898 754 3969 aliosve
765 3921 862 3968 sacrae
872 3895 942 3966 fidei
954 3895 1151 3977 defensores
1164 3906 1196 3964 et
1208 3893 1295 3964 inve-
