3050 5040
488 729 623 774 EPlSTOLAE
639 727 773 772 nunnunrl
790 727 922 772 LOSINGAE.
1117 704 1136 770 3

277 883 327 951 tim
345 883 436 961 nitor,
462 884 518 954 sed
540 885 653 954 mentis
673 883 854 980 poenitentia
871 897 903 954 et
922 911 997 981 pura
1017 883 1138 954 verboss

278 1039 346 1081 rum
371 1013 526 1085 consessio
552 1014 751 1084 reconciliant
776 1040 834 1084 nos
861 1017 937 1084 Deo.
992 1014 1082 1085 Unde
1109 1035 1142 1092 et

280 1170 349 1240 ego,
361 1146 466 1229 frater,
481 1148 674 1245 inpraesenti
691 1148 752 1217 vita
768 1147 812 1217 sic
825 1148 896 1218 volo
909 1147 1015 1230 luisse,
1032 1161 1140 1217 utnon

201 1365 208 1386 Ι
280 1303 456 1349 remaneam
476 1281 561 1365 risui,
584 1281 628 1351 sic
640 1281 721 1377 loqui
741 1281 832 1376 elige,
849 1293 882 1350 ut
903 1279 1015 1349 nemini
1034 1279 1142 1349 videar

280 1436 432 1482 onerosus
449 1441 455 1481 :
473 1413 633 1482 nonenim
651 1411 801 1483 facundos
813 1426 845 1482 et
859 1411 1071 1509 philosophos,
1084 1411 1141 1481 sed

280 1541 389 1613 idiotas
408 1557 439 1614 et
456 1545 612 1642 simplices
634 1560 743 1615 noster
760 1545 903 1615 Salvator
926 1543 1034 1638 elegit;
1058 1543 1140 1613 unde

282 1685 331 1743 est
346 1674 438 1745 illud:
453 1678 524 1746 Non
542 1676 614 1746 veni
628 1702 742 1746 vocare
756 1677 870 1772 justos,
886 1675 941 1746 sed
961 1687 1142 1772 peccatores

282 1806 320 1876 ad
340 1807 564 1905 poenitentiam,
584 1821 615 1879 et
641 1810 710 1880 alibi
731 1839 737 1879 ε
762 1809 788 1879 si
814 1809 883 1906 quis
907 1809 973 1878 vult
998 1821 1068 1905 post
1090 1832 1141 1876 me

281 1939 405 2022 venire,
439 1940 576 2034 abneget
602 1939 816 2036 semetipsum,
852 1952 884 2008 et
909 1938 994 2008 tollat
1018 1962 1143 2008 crucem

283 2097 369 2140 suam
393 2083 424 2140 et
447 2084 594 2168 sequatur
613 2095 674 2140 me.
729 2073 806 2141 Haec
825 2071 928 2166 igitur,
948 2071 1054 2154 lrater,
1075 2068 1144 2140 dili-

282 2215 393 2296 genter
416 2201 553 2285 attende,
576 2215 725 2298 tuumque
743 2200 875 2270 amicum
892 2200 1044 2271 continuis
1063 2225 1143 2297 per-

282 2335 475 2405 suasionibus
499 2359 663 2406 commone
687 2333 845 2430 praeterita
865 2345 992 2430 peccata
1010 2331 1140 2415 deflere,

282 2461 471 2563 praesentem
488 2469 583 2538 vitam
601 2467 773 2561 corrigere,
797 2465 912 2536 sanctis
929 2465 1076 2562 operibus
1094 2465 1143 2534 in-

282 2599 404 2684 sudare,
426 2627 488 2671 non
503 2601 648 2690 inanitate
671 2597 805 2670 distendi
823 2598 1005 2680 verborum,
1026 2623 1095 2694 quae
1114 2597 1143 2665 in

282 2731 371 2802 nullis
394 2732 476 2802 utilia
503 2745 586 2817 sunt,
608 2731 667 2802 nisi
688 2730 726 2801 ad
751 2729 992 2800 subversionem
1014 2727 1146 2798 audien-

282 2865 366 2934 tium.
421 2867 488 2936 Hoc
506 2865 580 2948 scic,
597 2865 764 2948 exclamas
778 2876 810 2934 et
827 2862 918 2933 alacri
932 2862 1143 2932 vultunostrae
1231 2865 1234 2872 ’

281 2995 477 3066 verecundiae
489 2995 733 3092 triumphaturus
746 2993 893 3065 occurris.
922 2993 1006 3064 Dicis
1019 2993 1143 3090 inquam

280 3126 444 3196 canonicos
469 3125 577 3209 libros,
598 3138 631 3195 et
654 3125 818 3195 illustrium
834 3137 983 3195 tractatus
1007 3123 1143 3194 virorum

282 3269 397 3328 sanctae
416 3257 558 3328 ecclesiae
576 3256 702 3326 omnino
716 3281 788 3326 esse
802 3256 1010 3327 necessarios.
1063 3254 1144 3324 Nihil

282 3389 402 3473 verius;
423 3389 453 3459 hi
472 3403 543 3460 sunt
566 3415 601 3459 ea
619 3389 778 3460 luminaria
797 3413 868 3484 quae
885 3381 971 3457 Deus
983 3387 1019 3457 ‘in
1034 3385 1144 3457 firma-

281 3533 387 3590 mento
408 3520 520 3616 posuit,
540 3519 691 3589 luminare
711 3519 809 3614 majus
827 3531 860 3587 ut
879 3517 1029 3587 illuminet
1048 3516 1141 3602 diem,

281 3651 430 3722 luminare
454 3652 555 3722 minus
578 3665 612 3722 ut
635 3651 785 3721 illuminet
814 3661 948 3720 noctem.
982 3649 1050 3718 ·Hii
1073 3663 1145 3720 sunt

282 3807 328 3851 eae
351 3783 450 3853 stellae
471 3809 549 3880 quas
568 3785 654 3852 Deus
673 3782 702 3850 in
726 3780 924 3851 firmamento
949 3780 1051 3877 posuit
1078 3783 1143 3874 (et)

284 3913 441 3984 constituit
453 3929 487 3984 ut
500 3916 622 3984 luceant
639 3940 731 4010 supra
747 3926 872 3982 terram.
929 3914 1046 3981 Verum
1064 3911 1142 3994 hauc,
