3050 5040
467 729 897 779 nnsronnnsnnnannosmcn.
1066 712 1103 778 ot

252 879 330 950 dem
348 894 503 954 terrarum
516 885 576 955 mei
597 883 739 956 homines
756 912 816 958 nec
832 887 863 956 in
879 888 1114 986 responsionem

253 1036 317 1082 nec
348 1013 377 1084 in
407 1014 487 1086 sacto
518 1017 725 1113 peccaverint.
778 1021 857 1089 ltem
886 1045 942 1116 pro
969 1019 1114 1091 militibus

253 1145 415 1240 sexaginta
436 1147 523 1219 librae
541 1175 619 1246 quos
643 1162 728 1220 tanto
752 1149 903 1222 difficilius
923 1177 1018 1247 cogor
1040 1149 1116 1221 red-

255 1277 347 1362 dere,
362 1291 475 1376 quanto
493 1282 580 1352 annis
598 1283 764 1379 praeteritis
776 1309 845 1354 mea
859 1284 1029 1355 substantia
1042 1311 1116 1380 gra-

162 1435 180 1453 ·
256 1409 327 1480 vius
347 1425 501 1482 attenuata
525 1427 583 1483 cst.
621 1415 844 1486 Gravissimum
867 1416 1013 1500 omnium,
1033 1416 1116 1513 quod

256 1543 319 1612 mei
340 1543 429 1614 vicini
454 1559 603 1615 conantur
620 1531 805 1617 contraham
823 1547 967 1644 thorpum
989 1548 1019 1618 in
1039 1573 1117 1618 con-

257 1675 465 1760 suetudinem,
478 1675 559 1772 quod
571 1677 721 1747 Dominus
734 1691 841 1748 noster
850 1681 917 1749 Rex
931 1679 970 1750 ita
984 1679 1116 1749 liberum

257 1831 324 1878 suae
344 1809 562 1880 construendae
582 1809 707 1881 donavit
727 1811 878 1894 ccclesiae,
901 1811 978 1881 sicut
1000 1823 1067 1881 erat
1086 1811 1116 1880 in

258 1963 351 2006 manu
378 1964 431 2008 sua
456 1952 488 2008 ct
513 1939 591 2010 sicut
615 1952 686 2010 sunt
706 1966 760 2010 sua
780 1941 835 2012 alia
854 1942 1005 2025 maneria3
1035 1941 1116 2011 unde

257 2083 293 2140 et
306 2083 421 2142 cartam
440 2085 471 2143 et
491 2073 600 2144 iterata
618 2074 723 2144 brevia
743 2074 926 2172 frequenter
942 2075 1115 2172 aspexistis

257 2203 318 2273 Hic
329 2203 481 2288 standum,
497 2205 546 2276 hic
560 2205 836 2300 ingemiscendum,
850 2206 899 2276 hic
912 2207 993 2276 votis
1005 2220 1037 2276 et
1049 2233 1120 2276 om-

258 2335 351 2407 nibus
368 2361 448 2408 meae
464 2337 574 2408 animae
592 2363 688 2408 exoro
711 2337 864 2421 medullis
885 2363 925 2408 ne
941 2351 1045 2408 vestra
1065 2363 1122 2409 ec-

257 2465 352 2536 clesia
371 2493 458 2536 suam
477 2466 587 2564 perdat
606 2467 794 2550 libertatem,
811 2467 954 2564 quoniam
972 2467 1120 2538 hactenus

258 2611 293 2668 et
311 2599 407 2694 Regis
424 2599 519 2694 gratia
538 2611 569 2669 et
583 2613 691 2670 vestro
714 2599 841 2670 consilio
860 2599 1014 2694 integrum
1034 2600 1120 2670 obti—

259 2731 341 2815 nuit;
366 2733 535 2831 praecipite,
561 2734 705 2816 obsecro,
735 2747 768 2804 ut
789 2732 932 2831 thorpum
959 2759 1015 2802 suo
1034 2757 1121 2802 more

259 2861 301 2932 sit
317 2862 464 2960 quietum,
491 2877 542 2934 aut
562 2863 676 2935 donant
703 2864 835 2934 indutias
852 2864 953 2934 donec
970 2863 1120 2933 Dominus

260 3007 369 3064 noster
387 2997 455 3066 Rex
473 2995 593 3077 veniat3
615 3008 667 3067 aut
688 2995 712 3064 si
730 2995 819 3065 aliter
837 2994 903 3064 ficri
923 3021 985 3064 non
1006 3006 1121 3092 potest,

259 3127 429 3225 spatiosum
449 3126 612 3198 concedite
630 3127 809 3211 terminum,
831 3153 892 3224 quo
914 3126 1029 3224 possim
1045 3111 1123 3196 mit-

257 3273 328 3330 tere
349 3259 388 3330 ad
405 3260 570 3330 Dominum
593 3274 738 3330 nostrum
761 3262 881 3354 Regem
905 3272 936 3328 et
960 3285 1047 3329 suam
1065 3283 1124 3328 re-

258 3393 385 3492 quirere
408 3393 660 3464 misericordiam.
718 3395 754 3462 In
778 3392 826 3462 his
856 3390 1063 3463 concedendis
1092 3405 1124 3461 et

258 3526 451 3624 exequendis
472 3526 635 3596 Dominam
659 3537 798 3594 nostram
818 3523 971 3618 Reginam
988 3521 1119 3593 confido.

260 3661 310 3728 De
337 3658 458 3728 Domini
482 3657 606 3757 pietate]
622 3657 748 3726 minime
773 3655 940 3726 invenictis
970 3653 1125 3725 difficilem

259 3817 334 3890 quaa
349 3805 381 3862 et
399 3817 437 3861 ex
453 3819 507 3862 sua
524 3790 734 3862 misericordia
752 3789 824 3860 mihi
845 3765 924 3859 facta
944 3800 993 3858 est
1011 3801 1122 3870 mater,

258 3938 292 3995 ct
310 3923 426 3995 vestris
443 3923 556 4019 ubique
575 3921 684 3992 fruitur
701 3919 845 3992 consiliis.
898 3919 978 3990 Vivo
991 3917 1082 4013 igitur
1100 3917 1124 3986 si
