3012 5040
415 731 460 797 90
625 757 763 802 rrrsrons
776 758 910 805 urrunnu
924 761 1057 806 resuere.

413 911 495 981 mino
513 912 715 1009 peregrinari,
734 913 900 985 mutandus
913 928 944 985 et
961 916 1047 988 locus
1060 931 1091 987 et
1104 917 1155 987 uni
1173 916 1274 987 inha-

412 1068 483 1113 rere
511 1045 594 1124 Deo,
620 1045 707 1142 juxta
734 1070 841 1116 veram
868 1048 1030 1146 prophetae
1055 1050 1267 1120 sententiam:

413 1173 487 1244 Mihi
505 1187 608 1245 autem
625 1174 787 1247 adhaerere
804 1178 872 1247 Deo
889 1179 1004 1250 bonurn
1023 1194 1087 1262 est,
1103 1205 1220 1278 ponere
1239 1179 1271 1249 in

413 1304 543 1376 Domino
556 1308 622 1376 Deo
638 1332 727 1405 spem
744 1333 856 1379 meam.
909 1311 1120 1383 Fundamenta
1139 1311 1270 1385 turrium

412 1450 495 1508 tanta
526 1438 660 1510 invadite
692 1439 866 1526 alacritate,
898 1456 1010 1540 quanta
1044 1443 1208 1515 devotione
1238 1443 1271 1513 in

411 1567 534 1640 Christo
552 1569 689 1668 quaeritis
706 1571 878 1669 quiescere,
900 1574 951 1671 qui
970 1588 1019 1646 est
1039 1575 1134 1647 turris
1153 1586 1271 1645 nostrae

411 1700 605 1773 fortitudinis.
661 1705 723 1774 Pax
741 1704 830 1775 vobis
850 1718 881 1775 et
899 1707 1018 1778 cunctis
1035 1708 1181 1779 tratribus
1193 1731 1271 1776 nos-

412 1845 478 1902 tris.

484 2067 687 2138 EPlSTOLA
702 2070 766 2138 LII,
777 2069 872 2140 -An
890 2095 1000 2141 nunnnn
1018 2095 1051 2140 nr
1067 2096 1193 2142 cmnnos

546 2199 748 2270 Nonwtctnsts
763 2225 902 2270 ncctnsffl
918 2225 1138 2272 Proculianum.

411 2417 578 2488 Hnnrnnrus
608 2441 753 2487 anscerus
784 2417 925 2487 lusunrno
962 2441 1051 2486 rnroru
1082 2441 1115 2484 ur
1149 2440 1270 2486 curaris

457 2550 486 2619 N
488 2574 658 2621 onwrcnnsrs
670 2575 810 2620 recursus
822 2574 1073 2630 rnucuuuonnus,
1088 2573 1223 2619 siturus.

459 2767 615 2850 Quantum
628 2764 699 2836 mihi
717 2777 821 2836 vestra
834 2765 964 2836 honesta
978 2777 1009 2834 et
1025 2762 1186 2834 commoda
1198 2787 1269 2834 cara

411 2909 493 2982 sunt,
514 2909 632 2968 tantum
652 2894 725 2967 mihi
749 2909 854 2967 vestra
875 2895 1095 2967 contumeliosa
1117 2907 1149 2965 et
1165 2893 1269 2965 dede—

410 3055 482 3100 cora
493 3028 666 3128 displicent,
686 3053 744 3099 nec
757 3053 846 3100 meus
862 3028 1030 3127 requiescit
1042 3027 1162 3100 animus
1175 3053 1270 3125 quan-

411 3158 462 3230 diu
479 3171 594 3230 vestrae
613 3158 769 3255 religionis
787 3157 909 3231 habitus
925 3159 956 3229 in
972 3159 1129 3230 sinistram
1143 3157 1269 3257 opinio-

411 3317 483 3363 nem
496 3291 689 3363 transfertur.
742 3293 837 3375 Ecce,
851 3303 884 3363 ut
896 3291 996 3376 audio,
1012 3290 1085 3362 nihil
1102 3305 1152 3362 est
1170 3303 1269 3362 tutum

410 3426 441 3497 in
459 3425 551 3497 domo
575 3439 691 3506 vestra,
716 3424 772 3495 sed
794 3423 948 3496 intestinis
971 3423 1138 3496 latrociniis
1164 3437 1270 3494 sancta

410 3560 539 3631 ecclesia
566 3559 786 3657 coinquinatur.
840 3560 972 3630 Perditis
996 3560 1104 3645 libros,
1131 3557 1267 3657 sciphoS,

409 3691 613 3788 coopertoria,
628 3703 660 3761 et
674 3690 774 3760 omnia
793 3690 849 3760 nisi
867 3715 903 3762 ea
922 3715 992 3788 quae
1009 3704 1186 3761 vestrorum
1202 3689 1270 3761 uti-

410 3822 483 3893 litati
503 3823 603 3893 lnrum
621 3823 795 3893 necessaria
809 3848 870 3892 non
884 3836 965 3893 sunt.
1018 3823 1205 3895 Nesciebam
1217 3823 1271 3893 Ju-

410 3953 480 4024 dam
497 3954 594 4024 latere
612 3954 778 4038 intervos,
800 3955 854 4025 sed
872 3969 903 4024 ct
916 3969 949 4025 ut
967 3955 1061 4026 ludas
1078 3955 1117 4026 de
1137 3955 1218 4024 lurto
1231 3953 1271 4024 ad
