3012 5040
470 753 583 798 osrrnrr
602 753 636 798 nu
656 753 746 798 cmm
765 753 911 798 urrsrotn.
1054 729 1122 799 tt3

258 912 470 1010 praeliantibus
499 911 684 982 documenta
713 922 875 1007 praestare.
937 912 1001 980 Vos
1033 912 1124 1008 pleno

260 1058 385 1138 gutture
411 1043 519 1139 gaudia
538 1045 602 1140 jam
624 1068 768 1140 suprema
790 1043 927 1126 ructatis,
952 1070 1082 1141 quorum
1107 1073 1124 1114 a

259 1177 353 1271 longe
368 1177 457 1273 positi
471 1176 522 1246 vix
540 1175 693 1273 spiramus
710 1174 850 1245 odorem.
904 1175 1000 1270 lgitur
1014 1202 1123 1273 aquam

261 1309 302 1379 de
324 1309 467 1379 cisternis
492 1307 607 1378 vestris
633 1307 713 1377 illam
740 1308 829 1378 nobis
853 1308 1025 1406 propinate,
1054 1335 1124 1406 quae

262 1442 377 1539 Spiritu
399 1443 513 1512 Sancto
538 1441 685 1536 irrigante
711 1441 884 1512 ariditatem
906 1455 1044 1512 nostram
1070 1442 1124 1512 in-

262 1573 379 1658 fundat,
397 1587 428 1643 et
441 1573 551 1644 eadem
564 1572 654 1643 nobis
668 1571 774 1642 influat
786 1573 939 1656 ubertate,
952 1586 987 1644 ut
999 1598 1124 1643 omnem

262 1706 418 1776 mentibus
432 1705 620 1776 audientium
638 1705 821 1776 secularium
843 1705 1020 1776 deliciarum
1037 1733 1125 1776 ama-

263 1839 426 1910 ritudinem
448 1840 617 1935 abstergat.
671 1840 770 1935 Hujus
787 1853 849 1910 tam
865 1840 1051 1914 necessariae
1066 1866 1126 1938 pe-

263 1971 377 2041 titionis
387 1971 571 2068 portitorem
585 1994 748 2067 precamur
762 1969 829 2040 fieri
843 1970 971 2041 lratrem
984 1984 1124 2041 nostrum

263 2102 429 2172 Dominum
446 2101 600 2186 Azonem,
623 2101 674 2199 qui
693 2127 750 2172 nos
771 2100 811 2172 de
827 2100 962 2173 adventu
980 2127 1036 2173 suo
1054 2101 1126 2172 dul-

264 2235 372 2307 cedine
390 2236 526 2306 fraterna
544 2233 690 2318 laetificet,
710 2247 742 2305 et
759 2235 902 2332 quamdiu
920 2236 1010 2305 vobis
1025 2236 1125 2306 visum

265 2367 368 2451 luerit,
385 2393 471 2438 suam
488 2366 570 2464 apud
583 2392 641 2437 nos
659 2365 868 2437 infirmitatem
885 2366 1039 2464 deportet.
1093 2368 1125 2437 Si

266 2499 337 2570 inde
366 2527 436 2571 cum
463 2500 588 2571 domino
616 2500 848 2598 archiepiscopo
878 2500 959 2597 loqui
983 2512 1123 2596 oportet,

266 2631 451 2726 legationem
471 2631 550 2702 hano
571 2631 652 2725 agite
675 2657 731 2730 pro
754 2631 855 2715 nobis
879 2631 948 2728 quia
972 2657 1030 2701 vos
1052 2631 1127 2702 estis

267 2762 395 2858 epistola
413 2761 483 2833 fidei
506 2775 679 2833 atramento
702 2762 875 2860 conscripta
898 2775 929 2831 et
944 2761 1126 2832 ¹charactere
1189 2754 1192 2762 ’

267 2918 353 2964 verae
366 2893 536 2964 dilectionis
552 2893 582 2964 in
594 2893 689 2964 eorde
703 2907 811 2964 nostro
825 2892 978 2964 subtiliter
994 2893 1122 2988 signata.
