3012 5040
443 666 489 736 bb
651 693 787 740 ansrons
804 693 939 739 urnrsuu
956 695 1090 740 rosrucu.

637 982 838 1052 EPISTOLA
861 984 925 1051 LV.
940 983 1044 1052 —An
1061 984 1100 1052 G.

760 1182 927 1251 [bassanus
943 1182 980 1250 G.

492 1377 563 1446 Dira
576 1376 720 1461 conditio,
733 1378 922 1475 impossibile
936 1377 1057 1448 mutari.
1111 1375 1192 1460 Quid
1202 1376 1295 1446 factus

442 1515 498 1579 es?
549 1513 645 1581 Lotus
665 1511 807 1609 Ethiops,
830 1512 961 1610 Ethiops
981 1525 1040 1594 est,
1062 1535 1120 1581 nec
1139 1509 1297 1580 dealbatur

443 1640 1178 1740 baptismate,quemnaturalisinfuscatnigredo.
1205 1639 1297 1710 Multa

443 1773 604 1844 Britonum
617 1774 778 1871 colloquia,
799 1772 854 1844 sed
867 1773 967 1844 nullus
981 1774 1143 1871 exequitur
1162 1771 1297 1870 promis-

443 1905 563 1975 sionem
573 1932 669 1976 suam.
702 1907 802 1990 Quam
813 1906 945 2003 prompti
958 1905 996 1976 ad
1010 1905 1225 1990 invadendum,
1237 1917 1297 1974 tam

443 2035 530 2106 leves
541 2035 579 2107 ad
593 2035 772 2133 fugiendum
783 2037 931 2107 Britanni.
965 2038 1028 2108 Aut
1041 2064 1135 2108 sanus
1148 2036 1298 2107 debueras

444 2167 556 2264 exequi
585 2167 723 2237 laborem
752 2191 846 2264 quem
873 2166 1024 2264 incoepisti
1049 2168 1226 2250 nobiscum,
1250 2180 1299 2236 aut

444 2297 585 2370 infirmus
603 2300 764 2370 nobiscum
779 2300 951 2398 supplicare
970 2303 1037 2371 Deo
1049 2327 1107 2398 pro
1125 2299 1297 2371 infirmitate

445 2444 513 2515 tua;
534 2446 679 2503 neutrum
697 2432 823 2517 faciens,
844 2447 912 2504 tuas
935 2434 1060 2504 omnino
1080 2433 1299 2533 promissiones

445 2564 619 2638 falsificasti.
672 2567 854 2665 Expulimus
873 2594 930 2666 pro
949 2580 980 2638 te
998 2592 1091 2664 quem
1112 2565 1299 2637 habebamus

446 2697 638 2794 magistrum,
655 2711 687 2769 et
700 2699 760 2770 tuis
773 2699 941 2770 inebriatus
955 2699 1072 2784 avenis,
1090 2697 1241 2770 soecundis
1253 2723 1300 2768 ca-

447 2831 555 2902 licibus
569 2858 671 2915 vacas,
683 2833 851 2930 propositae
864 2832 1065 2931 philosopbiae
1081 2832 1174 2903 totius
1187 2832 1300 2902 imme-

448 2993 526 3037 mor.
579 2969 690 3038 Factus
715 2968 852 3040 concivis
874 2981 906 3038 et
924 2967 1156 3040 conclaustralis
1178 2979 1298 3050 noster,

448 3123 543 3194 quare
553 3124 625 3169 rure
636 3098 777 3170 habitas?
815 3099 908 3197 Apud
918 3126 975 3170 uos
983 3103 1069 3170 Deus
1082 3112 1114 3171 et
1127 3113 1302 3170 sanctorum

448 3229 628 3325 angelorum
661 3229 803 3302 continua
831 3230 1037 3316 conversatio.
1090 3231 1157 3302 Poti
1185 3227 1302 3302 ooelesti

448 3375 590 3448 nectare,
618 3362 824 3436 obhorremus
851 3361 959 3434 soedari
991 3361 1158 3434 carnalium
1187 3361 1303 3432 fecibus

449 3495 653 3590 negotiorum.
706 3494 876 3566 Levissime
901 3508 933 3566 et
955 3493 1146 3566 fallacissime
1170 3493 1302 3566 omnium

449 3625 621 3711 Britonum,
638 3641 689 3698 aut
702 3627 810 3698 festina
825 3627 933 3698 venire
949 3626 1087 3712 domum,
1103 3639 1153 3696 aut
1166 3651 1303 3724 praepara

450 3773 480 3830 te
504 3760 684 3858 excipiendo
707 3760 900 3832 anathemate
922 3759 1005 3858 quod
1025 3759 1078 3831 tibi
1103 3771 1301 3857 praeparatur.
