3012 5040
437 737 548 781 osanam
565 737 599 781 nn
618 737 709 781 cunm
726 737 872 782 nrrsronn.
1018 716 1079 786 l2l

229 891 331 964 lloruit
349 907 381 964 et
396 893 488 965 lloret
504 907 536 965 et
553 897 583 964 in
600 895 661 966 vita
676 896 750 966 etin
767 909 866 966 morte
881 895 1044 978 miraculis
1063 909 1096 966 ut

230 1027 316 1097 uxori
336 1029 538 1099 sacramentis
556 1028 775 1100 ecclesiasticis
792 1029 943 1124 alligatus
959 1056 975 1098 a
993 1028 1095 1123 virgi-

230 1159 332 1228 nitatis
346 1157 480 1230 candore
494 1186 556 1230 non
574 1159 750 1243 recederet,
771 1172 804 1230 et
820 1159 954 1229 diversis
967 1159 1098 1254 aegritu-

232 1289 354 1363 dinibus
374 1316 504 1388 pressos
521 1291 670 1375 allevans
692 1305 763 1388 post
783 1286 907 1386 triginta
925 1317 981 1361 sex
1000 1319 1097 1362 annos

232 1447 296 1493 suae
321 1423 434 1518 regalis
455 1423 623 1521 sepulturae
644 1423 764 1518 integra
789 1422 891 1492 carnis
917 1423 1013 1518 gloria
1038 1450 1097 1493 re—

232 1569 341 1650 pertus
362 1567 536 1652 appareret.
590 1554 647 1625 Hic
671 1579 710 1624 ex
731 1554 822 1624 amita
840 1555 1098 1669 Roberti,·palris

235 1686 381 1757 Willclmi
398 1687 493 1784 regis,
513 1685 744 1783 triumphatoris
757 1685 890 1780 Anglae,
911 1699 1001 1758 natus
1018 1713 1098 1784 pro-

233 1816 298 1900 diit,
318 1819 368 1915 qui
382 1817 483 1901 matri,
499 1841 570 1914 quae
587 1843 637 1886 me
652 1817 757 1912 genuit
770 1818 800 1886 in
814 1818 927 1888 carnali
945 1819 1095 1913 genitura,

233 1963 321 2046 pater
347 1949 411 2020 luit.
472 1951 516 2019 Ea
543 1948 583 2019 de
609 1975 699 2020 causa
726 1962 864 2020 vestram
891 1952 1096 2047 majestatem,

234 2081 367 2176 gloriose
387 2095 476 2179 pater
490 2093 522 2152 et
538 2082 681 2166 Domine,
701 2082 856 2154 humiliter
875 2097 907 2154 et
924 2084 1100 2182 suppliciter

236 2213 389 2284 submissa
410 2214 558 2312 petitione
581 2215 745 2298 convenio,
769 2228 802 2286 ut
824 2229 929 2286 vestra
950 2217 1101 2288 instauret
1181 2213 1183 2219 ’

236 2347 402 2417 auctoritas
419 2346 501 2417 diem
526 2348 623 2418 sancti
645 2347 741 2442 Regis
761 2347 929 2418 natalitium
950 2349 1101 2419 celebrari

239 2478 407 2548 solenniter
429 2479 459 2548 in
477 2480 651 2574 Anglorum
670 2479 828 2549 ecclesias.
877 2479 936 2563 Qui
954 2480 1099 2578 princeps

238 2609 326 2681 dives
351 2637 444 2708 opum
466 2611 615 2683 beneficia
643 2612 771 2683 contulit
798 2613 941 2683 ecclesiae
963 2614 1097 2710 copiosa,

239 2744 414 2816 coenobium
426 2745 507 2815 beati
520 2745 614 2829 Petri,
631 2745 713 2842 quod
725 2746 1040 2818 Westmonasterium
1057 2746 1103 2817 di-

240 2873 328 2960 citur,
347 2887 504 2948 vetustum
525 2877 687 2947 renovavit
705 2889 736 2947 et
749 2877 841 2947 celsis
859 2877 1012 2974 reparavit
1030 2877 1102 2948 edi-

243 3004 328 3091 ficiis,
345 3019 377 3077 et
389 3007 641 3104 possessionibus
654 3007 761 3078 ditavit
770 3009 1014 3079 rat-ornamentis.
1063 3012 1104 3080 Et

242 3139 310 3236 quia
331 3139 380 3210 illa
398 3153 447 3210 est
469 3140 554 3235 regia
573 3139 666 3210 sedes
686 3166 755 3211 mea
777 3159 809 3212 et
826 3142 967 3240 specialis
988 3156 1103 3214 sanctae

244 3272 391 3342 Romanae
416 3271 558 3343 ecclesiae
582 3271 654 3356 filia,
676 3273 800 3344 mittunt
820 3274 858 3346 ad
880 3301 938 3345 vos
958 3288 990 3346 et
1007 3275 1104 3346 abbas

244 3417 276 3474 et
287 3418 458 3477 conventus
472 3405 614 3477 ecclesiae
628 3407 785 3478 seniorem
798 3407 956 3504 religionis
970 3421 1002 3479 et
1014 3409 1104 3480 lamae

245 3536 413 3608 Osbertum
448 3537 584 3623 nomine,
618 3539 668 3636 qui
700 3564 756 3636 per
790 3539 924 3637 quinque
954 3567 1105 3613 annorum

245 3683 384 3768 tempora
401 3672 634 3768 congregationi
651 3673 681 3742 in
696 3673 833 3770 prioratu
846 3678 910 3769 jam
927 3675 1059 3770 praefuit,
1075 3689 1106 3744 et

247 3826 315 3872 eam
337 3803 452 3874 utiliter
474 3803 512 3874 ad
532 3804 685 3875 honorem
707 3804 824 3876 ordinis
844 3805 902 3876 Dei
924 3807 1107 3903 regulariter

248 3934 337 4019 rexit,
353 3935 448 4004 vitam
469 3937 566 4006 sancti
586 3937 671 4032 regis
689 3950 806 4034 atquae
828 3938 1004 4008 necessaria
1024 3952 1105 4027 sunt,

944 4070 973 4118 to
