3012 5040
424 734 560 780 urrsronn
578 733 711 778 annonari
732 733 863 778 ausinora.
1007 713 1074 778 t03

214 919 272 989 quo
288 892 378 988 ejecit
395 891 617 989 protoplastum
638 891 677 960 dc
696 890 830 960 Paradisi
848 891 1024 962 amoenitate
1044 907 1075 962 et

214 1025 320 1120 gloria,
334 1026 480 1121 ingerens
489 1024 669 1095 orthodoxis
681 1024 820 1122 patribus
831 1025 991 1122 tranquilla
1001 1051 1073 1096 con-

212 1159 410 1256 templatione
426 1157 466 1228 dc
481 1158 625 1254 gentibus
638 1158 792 1243 scismata,
807 1157 1028 1242 dissensiones,
1043 1186 1073 1230 m

213 1305 350 1362 sanctam
367 1316 423 1362 eos
440 1291 565 1362 infestat
584 1291 759 1374 ecclesiam,
775 1315 814 1360 ne
833 1291 921 1386 regni
938 1292 1073 1362 coelestis

211 1423 403 1517 gratulentur
415 1423 617 1508 beatitudine,
638 1449 698 1520 qua
712 1421 783 1492 exul
801 1421 874 1492 abiit
890 1424 1072 1494 temerarius

210 1555 308 1627 hostis
339 1555 512 1626 execranda
544 1582 597 1626 sua
629 1555 881 1653 praesumptione.
940 1541 1072 1650 Erigunt

209 1689 290 1758 enim
306 1713 378 1758 sese
391 1687 478 1785 quasi
492 1687 522 1757 in
540 1685 716 1758 conflictum
731 1700 850 1758 nostrae
863 1687 991 1772 militiae,
1014 1687 1069 1758 sed

147 1847 149 1854 ⁴
208 1833 314 1890 vestra
328 1845 458 1890 securus
470 1819 580 1915 loquor
593 1817 720 1889 tuitione
736 1847 743 1887 :
759 1819 895 1890 nonnulli
909 1845 1069 1917 perversae

207 1951 321 2022 mentis
336 1950 493 2022 canonicae
510 1949 642 2020 lenitatis
660 1949 861 2034 oblatrantes,
882 1951 1068 2024 monachicae

207 2081 383 2154 invidentes
401 2081 552 2177 religioni,
570 2080 697 2152 livorius
719 2081 832 2179 quippe
857 2084 1031 2155 succensis
1047 2129 1068 2138 -

204 2216 292 2287 cibus
314 2216 426 2313 quibus
444 2228 628 2298 exaestuant,
654 2214 684 2284 in
704 2228 811 2313 typum
835 2240 907 2286 sese
929 2216 1068 2288 elationis

205 2360 293 2418 extra
311 2363 344 2419 et
357 2372 414 2445 per
428 2347 642 2443 instigationes
659 2371 764 2445 pravae
780 2346 942 2418 locutionis
956 2374 1067 2420 mona-

203 2478 327 2550 chatum
345 2479 520 2576 vituperant
541 2491 573 2548 et
590 2477 777 2576 opprimunt,
798 2503 984 2575 suarumque
998 2481 1068 2576 jac-

202 2612 352 2684 tationum
371 2609 487 2694 nubilo,
505 2610 642 2680 intimam
662 2609 928 2706 contemplationis
948 2624 1065 2683 nostrae

202 2743 405 2815 serenitatem
427 2740 612 2812 obtundunt.
665 2741 823 2810 Asserunt
839 2765 984 2838 namque,
1009 2743 1065 2813 sed

201 2877 283 2947 inani
308 2877 478 2947 verborum
500 2873 696 2972 prolusione,
719 2873 877 2969 digniores
899 2875 1013 2970 gradus
1036 2877 1064 2947 ei

201 3007 397 3090 monachatu,
417 3021 450 3077 et
472 3006 510 3077 ad
535 3007 667 3077 salutem
690 3006 860 3076 animarum
882 3033 991 3104 parum
1012 3008 1062 3078 vel

200 3140 274 3211 nihil
298 3138 452 3237 proficere
480 3139 567 3210 alicui
594 3139 708 3210 saeculo
734 3139 924 3210 renuncianti
946 3155 1062 3212 nostrae

198 3272 446 3345 conversationis
463 3271 612 3357 habitum;
631 3273 727 3370 liquet
746 3285 849 3344 autem
866 3273 1062 3345 falsissimum

198 3431 284 3489 esse,
305 3405 374 3502 quia
387 3405 525 3475 irruente
541 3405 651 3476 mortis
664 3405 864 3490 districtione,
883 3406 1062 3478 sacerdotes

197 3551 230 3608 ct
241 3535 311 3608 laici
328 3548 360 3630 et
372 3537 478 3631 Reges
493 3535 585 3606 etiam
603 3548 636 3606 et
652 3536 870 3632 cujuscumque
886 3536 948 3606 sint
959 3537 1062 3608 socie-

196 3669 281 3753 tatis,
303 3667 491 3738 necessitate
513 3667 675 3765 compulsi,
701 3665 842 3738 monaehi
868 3667 1057 3753 efficiuntur,

196 3825 259 3870 non
274 3796 456 3868 sacerdotes
470 3823 529 3868 neo
541 3796 688 3868 canonici.
741 3799 858 3868 Eorum
873 3797 965 3894 igitur
977 3801 1059 3870 omni

195 3929 406 4001 detestatione
426 3929 616 4027 [loccipenda
637 3943 684 4000 est
711 3929 874 4012 sententia,
895 3931 946 4026 qui
966 3930 1059 4001 vitam
