3038 5036
413 715 480 783 ⁴80
616 739 726 783 osonnrr
744 739 778 783 or
797 739 887 783 cenni
904 739 1052 784 nnsronn.

458 897 520 965 Ora
541 910 573 966 ut
593 909 663 966 ante
683 897 801 968 vultum
821 898 888 992 ejus
911 909 942 967 te
963 896 1083 968 videam
1100 897 1131 966 in
1155 895 1265 991 glorio,

409 1053 503 1124 quum
524 1027 562 1098 ab
582 1052 620 1097 eo
640 1027 734 1097 lneris
757 1041 875 1097 aeterno
899 1026 1065 1125 splendore
1084 1025 1264 1123 glorificato.
1348 1007 1353 1016 ⁸

409 1158 455 1228 lbi
473 1159 555 1228 enirn
573 1183 634 1228 non
653 1157 815 1228 vocaberis
833 1157 896 1242 lda,
912 1158 968 1230 sed
985 1159 1120 1228 viventis
1132 1157 1188 1228 Dei
1205 1156 1269 1228 filia

411 1289 560 1386 gloriosa3
581 1289 621 1360 ibi
639 1315 701 1360 non
720 1288 832 1359 diceris
854 1290 956 1388 neptis
979 1290 1095 1386 reginae
1113 1289 1265 1374 Adelidis,

399 1449 480 1521 iquae
499 1423 617 1496 cunetis
634 1435 788 1493 terrarum
810 1423 926 1517 reginis
943 1422 1036 1518 longe
1055 1423 1218 1520 pretiosior
1234 1437 1268 1493 et

412 1555 542 1626 nobilior
563 1555 726 1653 apparebis
755 1613 1263 1623 .........

411 1687 442 1757 in
460 1687 573 1758 saecula
591 1687 792 1758 saeoulorum!

497 1951 699 2022 EPISTOLA
717 1952 865 2020 XXXVI.
881 1995 929 2004 -
942 1953 989 2022 An
1008 1955 1184 2026 Snvnsrnon

726 2083 954 2154 Cnnrnnrnnsrn.

411 2301 574 2380 silvestro,
597 2301 719 2398 calleque
740 2302 899 2398 quondam
923 2306 958 2372 iu
987 2307 1095 2375 itinere
1116 2307 1268 2388 Romana,

459 2461 540 2504 nuuo
561 2447 663 2505 auteur
686 2436 819 2505 Domino
840 2450 868 2506 et
879 2439 969 2533 patri
984 2464 1039 2508 suo
1059 2440 1266 2518 serenissimo,

458 2563 628 2634 venerabili
642 2539 781 2634 aiilalieet
794 2565 1033 2636 Cantauriensis
1045 2566 1172 2636 ooeriolui
1178 2592 1270 2662 pra-

462 2697 532 2777 lata,
550 2699 700 2767 uirtutum
719 2697 861 2794 operibus
876 2697 1050 2794 splendida,
1070 2696 1215 2769 Osbertus
1231 2697 1270 2768 de

463 2827 573 2910 Clara,
587 2856 621 2900 re
635 2828 795 2925 familiari
806 2856 1003 2928 nequaquam
1014 2831 1130 2927 amplis
1141 2855 1269 2928 passas-

459 2961 596 3032 sionibus
609 2961 752 3058 locuples,
768 2975 890 3033 oeterooe
903 2963 1037 3032 ciuitatis
1048 2963 1109 3032 Dei
1120 2962 1270 3032 charitate

460 3117 586 3187 superos
602 3117 759 3188 eoaquare
775 3094 863 3163 uiues.

461 3275 508 3342 De
535 3273 668 3344 nominis
698 3275 740 3345 toi
766 3275 934 3358 vocabulo,
967 3275 1014 3345 vir
1040 3275 1266 3359 illustrissime,

413 3429 509 3502 panea
529 3403 670 3502 quaedorn
692 3404 855 3503 praelibare
876 3405 977 3503 cupio,
996 3419 1030 3476 ut
1049 3405 1131 3504 qnod
1153 3407 1269 3478 bonum

414 3549 473 3622 est,
494 3537 566 3609 inde
590 3537 661 3608 mihi
684 3551 735 3608 tna
753 3538 849 3632 grstia
871 3551 1010 3608 vertatur
1028 3538 1267 3622 incommodum,

414 3684 446 3740 et
470 3670 552 3768 qnod
575 3671 614 3742 ab
640 3670 767 3742 utilitate
793 3669 946 3756 dissentit,
975 3671 1054 3742 rneis
1075 3697 1270 3770 nequaquam

413 3802 521 3876 usibus
538 3817 647 3900 vergat
663 3805 694 3874 in
711 3803 940 3876 detrimentum.
994 3805 1028 3875 ln
1045 3803 1120 3875 silva
1137 3829 1270 3902 namque

413 3959 631 4032 nonnunquam
651 3933 731 4029 ligna
751 3935 947 4031 reperiuntur
964 3935 1130 4021 fructifera,
1151 3961 1220 4032 quae
1238 3949 1271 4006 et.
