3012 5040
458 735 595 780 ansronn
610 735 745 781 nannnnrr
761 735 894 782 insinua.
1063 713 1107 780 tto

244 891 488 964 consuetudines
506 892 724 963 Fiscannensis
741 892 882 963 ecclesias
896 893 998 964 sciatis
1011 892 1110 963 teneri

246 1052 265 1094 a
288 1025 434 1096 [ratribus
455 1025 571 1096 nostris
590 1025 670 1123 apud
690 1026 883 1110 Norwicum‚
912 1027 942 1096 in
962 1041 1110 1125 quanturn

247 1156 404 1254 potuimus
423 1183 476 1228 cas
501 1156 666 1228 extrahere
690 1185 707 1228 a
726 1156 858 1228 Domino
876 1156 1035 1242 Balduino,
1061 1158 1111 1228 vel

248 1291 442 1388 inquantum
459 1316 513 1362 eas
529 1317 589 1386 ego
602 1291 668 1389 ipsc
683 1315 812 1388 possum
826 1290 1020 1386 recolligere
1041 1290 1109 1374 sed,

247 1436 285 1494 ut
310 1437 413 1493 vestra
443 1423 634 1521 experientia
659 1423 762 1507 novit,
790 1446 902 1492 sensus
929 1421 1045 1492 divisus
1073 1422 1112 1492 ad

246 1555 438 1653 temporales
456 1555 661 1627 necessitates
680 1555 781 1626 minor
805 1568 854 1625 cst
876 1554 914 1626 ad
935 1554 1113 1626 retinendas

248 1687 424 1783 hujusmodi
465 1687 690 1758 ecclesiasticas
727 1687 987 1771 consuetudinis
1030 1688 1112 1758 unde

249 1820 266 1888 l
264 1833 433 1916 requenter
443 1820 588 1918 proposui
601 1846 697 1891 unuin
709 1820 759 1890 vel
773 1819 851 1890 duos
865 1819 977 1890 fratres
990 1820 1113 1890 mittero

250 1951 452 2036 Fiscannum,
468 1952 520 2049 qui
538 1951 613 2050 ipsis
631 1952 789 2024 discerent
810 1953 920 2036 rebus²
949 1978 1020 2050 quae
1043 1979 1114 2023 nos·
1145 2008 1147 2012 .

249 2083 307 2152 tris
325 2083 471 2154 fratribus
493 2083 663 2155 deferenda
682 2084 865 2180 elegissent.
919 2087 987 2155 Hoc
1009 2099 1113 2155 tamen

250 2229 356 2286 vestra
374 2217 540 2314 praesenlia
562 2199 595 2288 et
616 2218 819 2289 concessione
844 2217 1017 2316 laciendum
1030 2217 1116 2314 judi-

251 2347 329 2418 cavi.
411 2347 605 2445 Relinquitur
627 2348 719 2444 igitur
736 2361 853 2420 vestroe
877 2349 1024 2419 voluntati
1043 2349 1115 2446 quid

252 2477 324 2549 inde
344 2493 460 2550 nostrae
481 2477 691 2577 deprecationi
713 2505 902 2578 responsura
924 2479 973 2549 sit.
1027 2479 1116 2568 Mitto

254 2609 344 2681 vobis
367 2611 558 2682 servientem
584 2637 691 2697 unuin,
719 2611 750 2681 in
771 2610 903 2708 coquina
926 2623 1032 2682 vestra
1055 2610 1115 2682 ali-

253 2757 368 2840 quanto
393 2744 545 2841 temporis
567 2757 847 2827 commoraturum;
876 2743 1009 2814 retinete
1032 2769 1114 2812 euin.
1200 2793 1202 2797 ,
1239 2825 1246 2839 l

254 2890 286 2946 et
307 2877 415 2972 jubete
440 2903 511 2947 curn
533 2876 642 2946 instrui
666 2875 805 2947 doctrina
833 2875 912 2946 illius
936 2875 1113 2973 disciplinae.

255 3011 417 3080 Postremo
459 3008 633 3080 certissime
675 3009 854 3104 cognoscite
891 3008 1118 3107 professionem

254 3169 346 3240 quarn
365 3169 460 3241 super
477 3143 688 3214 Fiscannense
709 3143 806 3214 altare
824 3143 894 3227 leci,
916 3157 947 3213 et
965 3142 1118 3214 benedic—

255 3275 370 3345 tionem
389 3301 481 3372 quam
500 3301 539 3344 ex
559 3274 671 3346 eodeni
694 3276 780 3346 altari
794 3275 909 3373 accepi,
929 3275 1020 3346 nullis
1041 3289 1120 3345 tern-

230 3407 233 3412 ’
256 3407 393 3504 poribus
416 3407 566 3478 nullarum
592 3407 767 3478 divitiarum
788 3408 953 3478 affluentiis
973 3409 1003 3478 in
1025 3407 1119 3478 corde

257 3565 327 3609 rneo
353 3565 446 3636 posse
475 3539 633 3635 extingui;
665 3539 720 3609 sed
752 3553 901 3637 quanturn
932 3566 1121 3637 promoveor

256 3683 359 3754 artato,
377 3683 494 3741 tanturn
513 3699 581 3741 surn
605 3671 748 3742 devotior
766 3686 797 3742 et
819 3672 989 3742 ferventior
1010 3672 1038 3742 in
1061 3672 1122 3742 oli-

256 3802 371 3899 sequiis
385 3817 417 3874 et
427 3803 619 3898 jussionibus
632 3817 749 3876 vestre
768 3803 969 3902 paternitatis.
