3050 5040
417 729 459 798 40
624 753 1053 798 uusrounrinuurnrrmsmon.

414 913 530 982 minum
544 911 738 1009 hadulphum
755 911 794 982 de
811 911 986 1007 Bellafago‚
1008 909 1157 980 exultavit
1170 908 1269 977 anima

414 1059 585 1140 mea‘tanto
603 1044 723 1140 gaudio,
746 1045 823 1115 acsi
844 1043 916 1114 mihi
936 1043 975 1113 de
997 1043 1076 1113 coelo
1094 1067 1151 1139 per
1167 1066 1269 1134 ange-

414 1177 476 1246 lum
504 1177 561 1246 Dei
590 1177 689 1247 delata
718 1175 859 1246 salutatio
881 1175 1001 1258 suisset.
1060 1177 1177 1244 Verum
1200 1198 1269 1242 cum

414 1307 497 1379 idem
514 1309 562 1380 vir
579 1325 650 1406 post
666 1309 880 1380 salutationem
898 1307 1061 1404 adjecisset
1076 1306 1269 1378 calumniam.

415 1440 574 1511 exhorruit
596 1441 722 1538 spiritus
744 1466 850 1523 moue,
876 1453 989 1510 ettam
1013 1440 1088 1510 facie
1106 1438 1272 1536 lachrymis

414 1600 506 1671 quam
524 1587 629 1643 mente
653 1573 812 1644 doloribus
842 1572 1024 1670 superfusio,
1053 1571 1125 1668 quid
1149 1571 1187 1642 ad
1203 1570 1272 1640 haec

414 1706 639 1804 responderem
661 1706 784 1802 penitus
804 1704 954 1800 ignoravi.
1007 1704 1199 1800 Interrogavi
1223 1717 1274 1774 ta—

414 1863 486 1908 men
503 1837 731 1933 cogitationem
751 1838 952 1920 voluntatem,
969 1861 1159 1919 sermonem,
1175 1835 1272 1906 actio-

415 1997 488 2042 nem
509 1997 610 2041 meam
633 1970 658 2040 si
683 1969 791 2040 alicubi
820 1981 1019 2066 peccassent;
1043 1968 1272 2066 responderunt

415 2129 449 2173 se
460 2129 610 2200 nusquam
623 2127 783 2201 peccasse,
793 2101 1025 2200 responderunt
1038 2127 1072 2170 sc
1086 2101 1168 2170 nullo
1180 2099 1271 2170 modo

413 2261 507 2334 posse
525 2237 595 2307 illuc
616 2226 749 2307 absinthi
775 2235 861 2307 virus
883 2234 1068 2318 refundere,
1094 2233 1165 2303 inde
1186 2233 1272 2303 lactis

415 2381 448 2438 et
464 2367 564 2438 mellis
581 2368 742 2438 consilium
760 2381 792 2438 et
814 2366 957 2437 auxilium
979 2365 1111 2435 inomni
1131 2390 1199 2435 mea
1219 2389 1273 2434 ne·

414 2501 559 2572 cessitate
577 2500 778 2598 accepissem.
832 2501 876 2569 lta
894 2498 996 2594 igitur,
1016 2497 1109 2568 homo
1127 2497 1195 2581 Dei,
1211 2523 1272 2566 non

414 2633 524 2702 animae
539 2631 718 2730 corporisve
736 2645 822 2703 motu
838 2630 963 2730 peccavi
982 2631 1012 2701 in
1033 2644 1076 2713 te,
1098 2629 1273 2699 testimonio

415 2767 553 2837 veritatis
583 2781 615 2836 et
643 2767 775 2866 puritate
805 2766 1003 2838 conscientiae
1035 2788 1129 2849 meaa,
1172 2791 1272 2834 meam

416 2898 639 2996 simplicitatem
663 2897 746 2968 omni
767 2898 797 2968 in
820 2898 887 2968 loco
913 2897 1109 2969 defensurus.
1171 2897 1274 2967 Aures

416 3029 497 3100 solas
520 3054 581 3098 non
604 3026 738 3099 defendo
763 3053 849 3097 meas
862 3026 945 3124 ¹quin
968 3026 1110 3124 quaedam
1131 3052 1194 3096 non
1217 3053 1274 3097 au-

416 3161 524 3232 dierim
560 3187 630 3259 quae
669 3160 760 3256 digna
800 3173 871 3230 sunt
907 3159 1119 3257 correptione,
1162 3159 1202 3243 si,
1241 3175 1274 3229 ut
1364 3187 1368 3195 ·

416 3296 577 3394 praecessit
596 3321 711 3378 serm0,
727 3294 772 3364 rei
787 3293 986 3390 subsequitur
1004 3293 1144 3362 effectus
1197 3293 1274 3375 Quae

416 3442 520 3498 tamen
538 3427 652 3511 distuli,
669 3427 793 3510 nemini,
808 3452 878 3496 meo
896 3424 1120 3496 communicato
1139 3437 1271 3506 secreto,

417 3561 467 3630 uni
485 3561 575 3630 vohis
592 3559 773 3643 referenda,
794 3585 864 3630 cum
883 3571 914 3628 et
931 3558 988 3629 loci
1007 3571 1038 3626 et
1054 3557 1202 3655 temporis
1217 3584 1275 3654 op-

418 3692 588 3790 portunitas
604 3692 784 3764 occurrerit.
834 3691 1018 3762 Walterium
1031 3689 1275 3761 archidiaconum

418 3824 1273 3909 meum,obsecro‚remittitemihicumomniveloeitate,

417 3959 560 4056 quoniam
573 3958 651 4028 adeo
661 3958 857 4028 necessarius
874 3956 944 4026 mihi
961 3970 1008 4026 est
1022 3956 1051 4025 in
1067 3957 1174 4026 sinodo
1184 3981 1275 4053 quam
