3012 5040
408 663 475 730 tte
610 687 722 732 osanam
740 687 774 732 nu
791 687 882 752 cenna
900 688 1048 732 nrrsronn.

407 843 606 942 philosophia,
632 871 725 942 quum
750 846 850 916 virtus
879 846 908 915 in
933 847 1023 917 vobis
1046 858 1169 917 constet
1195 847 1262 923 sita,

408 977 544 1046 Deorum
559 977 773 1074 Herculeoque
791 1003 883 1048 manu
901 990 1007 1048 vestra
1021 978 1163 1072 gigantes
1181 976 1267 1047 coelis

408 1107 580 1206 irrumpere
597 1121 786 1180 attentantes
798 1110 965 1208 propulsati
982 1109 1140 1194 decidant;
1155 1110 1268 1180 robore

409 1239 592 1310 fortitudinis
612 1254 729 1312 vestrae
752 1241 932 1312 coelestibus
952 1241 1070 1336 gaudiis
1090 1240 1217 1311 admixti
1238 1253 1268 1309 et

410 1373 553 1469 supernis
569 1373 694 1446 sedibus
710 1373 805 1469 digni,
826 1374 965 1444 interrae
979 1373 1108 1471 pulvere
1127 1373 1193 1442 sine
1207 1371 1269 1442 ho-

410 1528 486 1572 nore
504 1503 651 1602 deinceps
669 1531 730 1574 non
748 1518 901 1576 arescant.

447 1787 648 1856 EPISTULA
665 1789 716 1858 IV.
735 1833 782 1840 --
800 1791 919 1858 Hnuarcr
936 1791 1070 1858 Wrnron.
1092 1813 1177 1857 urrsr.
1201 1813 1237 1856 nn

681 1921 870 2014 luuoenurnru
891 1945 995 1991 rainu.

414 2113 584 2184 innocentio
598 2141 718 2186 summo
731 2117 876 2214 Pontifici
892 2119 1025 2187 Domino
1041 2132 1068 2188 et
1079 2120 1169 2214 patri
1181 2144 1273 2188 senc-

460 2248 578 2317 tissimo
596 2248 750 2318 Henrieus
766 2249 826 2317 Dei
843 2251 949 2345 qratia
974 2250 1196 2319 Winteniensis
1221 2276 1272 2318 ee-

460 2377 561 2447 clesiee
578 2379 720 2448 minister
732 2393 761 2448 et
776 2404 840 2448 suae
857 2378 938 2448 sedis
956 2379 1082 2477 tepores,
1101 2379 1273 2449 salutemet

462 2508 595 2578 debitam
612 2511 646 2578 e'n
662 2509 802 2578 erunibus
820 2499 1033 2579 obedientiam.

464 2712 524 2780 Pro
545 2710 745 2806 praesentium
764 2710 873 2793 latore,
899 2711 995 2780 fratre
1016 2711 1164 2794 Osbert0,
1185 2711 1275 2779 bonae

417 2840 567 2938 siquidem
591 2840 742 2938 opinionis
762 2840 840 2924 viro,
866 2840 1017 2910 sanctitati
1035 2853 1163 2924 vestrae,
1189 2853 1277 2937 pater

417 2971 604 3055 reverende,
630 2996 742 3069 preces
762 2969 962 3068 porrigimus3
990 2971 1053 3068 qui,
1079 2983 1192 3068 quanta
1219 2970 1279 3042 de·
1370 3009 1376 3023 ·

417 3105 541 3176 votione
569 3103 722 3188 ecelesiae,
751 3104 782 3174 in
804 3129 863 3200 qua
890 3105 958 3173 Deo
982 3103 1090 3173 militat
1116 3116 1148 3174 et
1172 3116 1279 3174 sancto

419 3237 487 3333 regi
503 3235 673 3320 Edward0,
689 3236 740 3333 qui
759 3235 789 3306 in
803 3261 839 3306 ea
854 3235 1008 3306 miraculis
1023 3248 1176 3320 coruscat,
1198 3237 1279 3307 sub-

420 3381 587 3452 sternatur,
613 3367 701 3437 labor
727 3369 794 3464 ejus
815 3382 847 3437 et
869 3367 1059 3465 propositum
1080 3381 1113 3438 et
1136 3367 1199 3438 vita
1224 3367 1281 3438 viri

418 3500 476 3570 Dei
499 3512 531 3570 et
547 3525 633 3570 mors
649 3498 785 3597 pretiosa
805 3499 1013 3569 manifestant.
1067 3497 1280 3595 Supplieamus

420 3633 522 3730 itaque
535 3633 723 3704 reverentiae
739 3646 867 3716 vestrae,
884 3645 917 3702 ut
932 3631 1092 3728 negotium
1111 3629 1206 3728 ipsius
1219 3631 1282 3702 be-

420 3765 513 3860 nigne
527 3765 639 3850 audiat,
658 3780 690 3836 et
703 3758 873 3852 secundum
889 3765 972 3862 quod
987 3765 1014 3836 ei
1027 3765 1162 3862 desuper
1178 3763 1282 3834 datum

422 3897 524 3981 suerit,
548 3897 669 3968 effectui
692 3899 867 3996 mancipare
885 3899 1039 3994 dignetur.
1093 3896 1211 3990 Dignus
1234 3909 1281 3965 est
